2025-12-01T22:07:39.660958,0.000,0.000,0.000
2025-12-01T22:07:40.700816,0.000,0.000,0.000
2025-12-01T22:07:41.710833,0.000,0.000,0.000
2025-12-01T22:07:42.516012,0.000,0.000,0.000
2025-12-01T22:07:43.642486,0.000,0.000,0.000
2025-12-01T22:07:44.579081,0.000,0.000,0.000
2025-12-01T22:07:45.792495,0.000,0.000,0.000
2025-12-01T22:07:46.515979,0.000,0.000,0.000
2025-12-01T22:07:56.529239,0.000,0.000,0.000
2025-12-01T22:07:56.751876,0.000,0.000,0.000
2025-12-01T22:07:57.912819,0.000,0.000,0.000
2025-12-01T22:07:58.926626,0.000,0.000,0.000
2025-12-01T22:07:59.719928,0.000,0.000,0.000
2025-12-01T22:08:00.864349,0.000,0.000,0.000
2025-12-01T22:08:02.048122,0.000,0.000,0.000
2025-12-01T22:08:03.100321,0.000,0.000,0.000
2025-12-01T22:08:03.919785,0.000,0.000,0.000
2025-12-01T22:08:04.940036,0.018,0.018,0.018
2025-12-01T22:08:05.846462,1.558,1.529,1.576
2025-12-01T22:08:07.026372,0.056,1.582,1.631
2025-12-01T22:08:08.230170,0.000,1.582,1.631
2025-12-01T22:08:09.352309,0.000,1.582,1.631
2025-12-01T22:08:09.929545,0.000,1.582,1.631
2025-12-01T22:08:10.993093,0.000,1.582,1.631
2025-12-01T22:08:11.912400,0.000,1.582,1.631
2025-12-01T22:08:13.341033,0.000,1.582,1.631
2025-12-01T22:08:14.165854,0.000,1.582,1.631
2025-12-01T22:08:15.186974,0.000,1.582,1.631
2025-12-01T22:08:16.424826,0.000,1.582,1.631
2025-12-01T22:08:17.247402,0.000,1.582,1.631
2025-12-01T22:08:18.362421,0.000,1.582,1.631
2025-12-01T22:08:19.413344,0.000,1.582,1.631
2025-12-01T22:08:20.205546,0.000,1.582,1.631
2025-12-01T22:08:21.235859,0.000,1.582,1.631
2025-12-01T22:08:22.353451,0.000,1.582,1.631
2025-12-01T22:08:23.285166,0.000,1.582,1.631
2025-12-01T22:08:24.299401,0.000,1.582,1.631
2025-12-01T22:08:25.546111,0.000,1.582,1.631
2025-12-01T22:08:26.465880,0.000,1.582,1.631
2025-12-01T22:08:27.386225,0.000,1.582,1.631
2025-12-01T22:08:28.398112,0.000,1.582,1.631
2025-12-01T22:08:29.325323,0.000,1.582,1.631
2025-12-01T22:08:30.447170,0.000,1.582,1.631
2025-12-01T22:08:31.574737,0.000,1.582,1.631
2025-12-01T22:08:32.607473,0.931,2.504,2.562
2025-12-01T22:08:33.516736,1.164,3.622,3.727
2025-12-01T22:08:34.555804,1.471,5.093,5.198
2025-12-01T22:08:35.481043,1.358,6.505,6.556
2025-12-01T22:08:36.687274,1.556,8.029,8.111
2025-12-01T22:08:37.505940,1.729,9.724,9.840
2025-12-01T22:08:38.534734,1.753,11.425,11.593
2025-12-01T22:08:39.557900,1.667,13.041,13.260
2025-12-01T22:08:40.679754,1.831,14.854,15.091
2025-12-01T22:08:41.710098,1.978,16.911,17.069
2025-12-01T22:08:42.626224,1.596,18.459,18.664
2025-12-01T22:08:43.652782,0.809,19.235,19.473
2025-12-01T22:08:44.676446,1.569,20.867,21.042
2025-12-01T22:08:45.721643,1.076,21.996,22.118
2025-12-01T22:08:46.627699,0.909,22.887,23.027
2025-12-01T22:08:47.957183,1.236,24.147,24.262
2025-12-01T22:08:48.876533,0.676,24.823,24.938
2025-12-01T22:08:49.917607,0.456,25.260,25.393
2025-12-01T22:08:50.720712,0.333,25.580,25.727
2025-12-01T22:08:51.842614,0.231,25.811,25.958
2025-12-01T22:08:52.713558,0.151,25.959,26.109
2025-12-01T22:08:53.908713,0.071,26.030,26.180
2025-12-01T22:08:54.913615,0.007,26.030,26.187
2025-12-01T22:08:55.864836,0.000,26.030,26.187
2025-12-01T22:08:56.965325,0.000,26.030,26.187
2025-12-01T22:08:58.099465,0.000,26.030,26.187
2025-12-01T22:08:59.016348,0.778,26.800,26.964
2025-12-01T22:08:59.935076,1.036,27.888,28.000
2025-12-01T22:09:01.065779,1.167,29.054,29.167
2025-12-01T22:09:02.101997,1.320,30.414,30.487
2025-12-01T22:09:02.904861,1.640,31.988,32.127
2025-12-01T22:09:04.055794,1.793,33.782,33.920
2025-12-01T22:09:05.158279,1.064,34.889,34.984
2025-12-01T22:09:06.094983,0.631,35.507,35.616
2025-12-01T22:09:07.133121,0.398,35.897,36.013
2025-12-01T22:09:08.144066,0.304,36.214,36.318
2025-12-01T22:09:09.026894,0.184,36.400,36.502
2025-12-01T22:09:10.319231,0.122,36.520,36.624
2025-12-01T22:09:11.212557,0.051,36.571,36.676
2025-12-01T22:09:12.243007,0.002,36.571,36.678
2025-12-01T22:09:13.247713,0.000,36.571,36.678
2025-12-01T22:09:14.269354,0.000,36.571,36.678
2025-12-01T22:09:15.205127,0.000,36.571,36.678
2025-12-01T22:09:16.461710,0.000,36.571,36.678
2025-12-01T22:09:17.471572,0.000,36.571,36.678
2025-12-01T22:09:18.367637,0.000,36.571,36.678
2025-12-01T22:09:19.419188,0.000,36.571,36.678
2025-12-01T22:09:20.215439,0.000,36.571,36.678
2025-12-01T22:09:21.463229,0.000,36.571,36.678
2025-12-01T22:09:22.326342,0.000,36.571,36.678
2025-12-01T22:09:23.419813,0.000,36.571,36.678
2025-12-01T22:09:24.325944,0.000,36.571,36.678
2025-12-01T22:09:25.353647,0.000,36.571,36.678
2025-12-01T22:09:26.470528,0.000,36.571,36.678
2025-12-01T22:09:27.478030,0.000,36.571,36.678
2025-12-01T22:09:28.510783,0.000,36.571,36.678
2025-12-01T22:09:29.432806,0.000,36.571,36.678
2025-12-01T22:09:30.566449,0.000,36.571,36.678
2025-12-01T22:09:31.575694,0.000,36.571,36.678
2025-12-01T22:09:32.396443,0.009,36.571,36.687
2025-12-01T22:09:33.627492,0.000,36.571,36.687
2025-12-01T22:09:34.654769,0.000,36.571,36.687
2025-12-01T22:09:35.587443,0.000,36.571,36.687
2025-12-01T22:09:36.604207,0.002,36.571,36.689
2025-12-01T22:09:37.518102,0.000,36.571,36.689
2025-12-01T22:09:38.643994,0.000,36.571,36.689
2025-12-01T22:09:39.697089,0.000,36.571,36.689
2025-12-01T22:09:40.797928,0.000,36.571,36.689
2025-12-01T22:09:41.615318,0.282,36.865,36.971
2025-12-01T22:09:42.737629,0.033,36.898,37.004
2025-12-01T22:09:43.672162,0.000,36.898,37.004
2025-12-01T22:09:44.795984,0.000,36.898,37.004
2025-12-01T22:09:45.711821,0.000,36.898,37.004
2025-12-01T22:09:46.836820,0.000,36.898,37.004
2025-12-01T22:09:47.885136,0.000,36.898,37.004
2025-12-01T22:09:48.783398,0.129,37.030,37.133
2025-12-01T22:09:49.910172,0.009,37.030,37.142
2025-12-01T22:09:50.934067,1.753,38.731,38.896
2025-12-01T22:09:51.882384,0.000,38.731,38.896
2025-12-01T22:09:52.882695,0.218,38.960,39.113
2025-12-01T22:09:53.905336,0.000,38.960,39.113
2025-12-01T22:09:54.823007,0.000,38.960,39.113
2025-12-01T22:09:55.952294,0.000,38.960,39.113
2025-12-01T22:09:56.967275,0.000,38.960,39.113
2025-12-01T22:09:57.994656,0.000,38.960,39.113
2025-12-01T22:09:59.125895,0.000,38.960,39.113
2025-12-01T22:10:00.044325,0.000,38.960,39.113
2025-12-01T22:10:01.186633,0.942,39.874,40.056
2025-12-01T22:10:02.099706,0.500,40.354,40.556
2025-12-01T22:10:03.018695,0.004,40.354,40.560
2025-12-01T22:10:04.151000,0.216,40.576,40.776
2025-12-01T22:10:05.169110,0.011,40.587,40.787
2025-12-01T22:10:06.186442,0.056,40.644,40.842
2025-12-01T22:10:07.232880,0.000,40.644,40.842
2025-12-01T22:10:08.235417,0.460,41.090,41.302
2025-12-01T22:10:09.158135,1.422,42.555,42.724
2025-12-01T22:10:10.284303,0.000,42.555,42.724
2025-12-01T22:10:11.229013,0.000,42.555,42.724
2025-12-01T22:10:12.334373,0.000,42.555,42.724
2025-12-01T22:10:13.355823,0.000,42.555,42.724
2025-12-01T22:10:14.401546,0.000,42.555,42.724
2025-12-01T22:10:15.216410,0.000,42.555,42.724
2025-12-01T22:10:16.436409,0.000,42.555,42.724
2025-12-01T22:10:17.351408,0.000,42.555,42.724
2025-12-01T22:10:18.783459,0.000,42.555,42.724
2025-12-01T22:10:22.368410,0.000,0.000,0.000
2025-12-01T22:10:23.190290,0.000,0.000,0.000
2025-12-01T22:10:24.224714,0.000,0.000,0.000
2025-12-01T22:10:25.098525,0.000,0.000,0.000
2025-12-01T22:10:26.336099,0.000,0.000,0.000
2025-12-01T22:10:27.311954,0.000,0.000,0.000
2025-12-01T22:10:28.219506,0.000,0.000,0.000
2025-12-01T22:10:29.232134,0.000,0.000,0.000
2025-12-01T22:10:30.353610,0.000,0.000,0.000
2025-12-01T22:10:31.377047,0.000,0.000,0.000
2025-12-01T22:10:32.402984,0.000,0.000,0.000
2025-12-01T22:10:33.325199,0.000,0.000,0.000
2025-12-01T22:10:34.462441,0.000,0.000,0.000
2025-12-01T22:10:35.465591,0.000,0.000,0.000
2025-12-01T22:10:36.558296,0.000,0.000,0.000
2025-12-01T22:10:37.417924,0.000,0.000,0.000
2025-12-01T22:10:38.465352,0.000,0.000,0.000
2025-12-01T22:10:39.482197,0.000,0.000,0.000
2025-12-01T22:10:40.699337,0.000,0.000,0.000
2025-12-01T22:10:41.511320,0.000,0.000,0.000
2025-12-01T22:10:42.603316,0.000,0.000,0.000
2025-12-01T22:10:43.562498,0.000,0.000,0.000
2025-12-01T22:10:44.691225,0.000,0.000,0.000
2025-12-01T22:10:45.622720,0.000,0.000,0.000
2025-12-01T22:10:46.532442,0.000,0.000,0.000
2025-12-01T22:10:47.762004,0.000,0.000,0.000
2025-12-01T22:10:48.603111,0.000,0.000,0.000
2025-12-01T22:10:49.722169,0.000,0.000,0.000
2025-12-01T22:10:50.636082,0.000,0.000,0.000
2025-12-01T22:10:51.663196,0.000,0.000,0.000
2025-12-01T22:10:52.751730,0.000,0.000,0.000
2025-12-01T22:10:53.662467,0.000,0.000,0.000
2025-12-01T22:10:54.901205,0.000,0.000,0.000
2025-12-01T22:10:55.862110,0.000,0.000,0.000
2025-12-01T22:10:56.771852,0.000,0.000,0.000
2025-12-01T22:10:57.853947,0.000,0.000,0.000
2025-12-01T22:10:59.136064,0.000,0.000,0.000
2025-12-01T22:10:59.950049,0.000,0.000,0.000
2025-12-01T22:11:00.996363,0.000,0.000,0.000
2025-12-01T22:11:01.798216,0.000,0.000,0.000
2025-12-01T22:11:02.825053,0.000,0.000,0.000
2025-12-01T22:11:03.854896,0.000,0.000,0.000
2025-12-01T22:11:05.132171,0.000,0.000,0.000
2025-12-01T22:11:05.884277,0.000,0.000,0.000
2025-12-01T22:11:06.911465,0.000,0.000,0.000
2025-12-06T23:39:02.121381,0.000,0.000,0.000
2025-12-06T23:39:03.119139,0.000,0.000,0.000
2025-12-06T23:39:04.158292,0.000,0.000,0.000
2025-12-06T23:39:05.070037,0.000,0.000,0.000
2025-12-06T23:39:06.198604,0.000,0.000,0.000
2025-12-06T23:39:09.667701,0.000,0.000,0.000
2025-12-06T23:39:10.532962,0.000,0.000,0.000
2025-12-06T23:39:11.729095,0.000,0.000,0.000
2025-12-06T23:39:12.760903,0.000,0.000,0.000
2025-12-06T23:39:15.848301,0.000,0.000,0.000
2025-12-06T23:39:15.853011,0.209,0.211,0.209
2025-12-06T23:39:15.858818,0.291,0.505,0.500
2025-12-06T23:39:16.738294,0.058,0.563,0.558
2025-12-06T23:39:17.601256,0.227,0.792,0.784
2025-12-06T23:39:18.697698,0.149,0.949,0.933
2025-12-06T23:39:19.808384,0.709,1.643,1.642
2025-12-06T23:39:20.610709,0.396,2.047,2.038
2025-12-06T23:39:21.752335,0.229,2.285,2.267
2025-12-06T23:39:22.970985,0.122,2.403,2.389
2025-12-06T23:39:23.891349,0.033,2.436,2.422
2025-12-06T23:39:24.808782,0.000,2.436,2.422
2025-12-06T23:39:26.242381,0.000,2.436,2.422
2025-12-06T23:39:26.661603,0.000,2.436,2.422
2025-12-06T23:39:27.986361,0.000,2.436,2.422
2025-12-06T23:39:28.947519,0.000,2.436,2.422
2025-12-06T23:39:30.037912,0.227,2.654,2.649
2025-12-06T23:39:31.055415,0.780,3.441,3.429
2025-12-06T23:39:31.978845,0.847,4.330,4.276
2025-12-06T23:39:32.815944,0.782,5.105,5.058
2025-12-06T23:39:33.829886,0.276,5.367,5.333
2025-12-06T23:39:34.949203,0.611,5.947,5.944
2025-12-06T23:39:36.194904,0.669,6.609,6.613
2025-12-06T23:39:37.098266,0.553,7.179,7.167
2025-12-06T23:39:38.235617,0.347,7.533,7.513
2025-12-06T23:39:39.276833,0.233,7.769,7.747
2025-12-06T23:39:40.074701,0.142,7.911,7.889
2025-12-06T23:39:41.192011,0.064,7.975,7.953
2025-12-06T23:39:42.424338,0.007,7.975,7.960
2025-12-06T23:39:43.250258,0.000,7.975,7.960
2025-12-06T23:39:44.283108,0.000,7.975,7.960
2025-12-06T23:39:45.187767,0.000,7.975,7.960
2025-12-06T23:39:46.208687,0.000,7.975,7.960
2025-12-06T23:39:47.446906,0.000,7.975,7.960
2025-12-06T23:39:48.363850,0.464,8.458,8.424
2025-12-06T23:39:49.139164,0.664,9.122,9.089
2025-12-06T23:39:50.216978,0.396,9.530,9.484
2025-12-06T23:39:51.342785,0.267,9.794,9.751
2025-12-06T23:39:52.456743,0.178,9.971,9.929
2025-12-06T23:39:53.285374,0.098,10.072,10.027
2025-12-06T23:39:54.307727,0.027,10.099,10.053
2025-12-06T23:39:55.240910,0.000,10.099,10.053
2025-12-06T23:39:56.261439,0.000,10.099,10.053
2025-12-06T23:39:57.278559,0.000,10.099,10.053
2025-12-06T23:39:58.293497,0.000,10.099,10.053
2025-12-06T23:39:59.427641,0.000,10.099,10.053
2025-12-06T23:40:00.449310,0.000,10.099,10.053
2025-12-06T23:40:01.469465,0.000,10.099,10.053
2025-12-06T23:40:02.353295,0.000,10.099,10.053
2025-12-06T23:40:03.379925,0.000,10.099,10.053
2025-12-06T23:40:04.446908,0.000,10.099,10.053
2025-12-06T23:40:05.575061,0.000,10.099,10.053
2025-12-06T23:40:06.495052,0.000,10.099,10.053
2025-12-06T23:40:07.426160,0.000,10.099,10.053
2025-12-06T23:40:08.635084,0.000,10.099,10.053
2025-12-06T23:40:09.556438,0.000,10.099,10.053
2025-12-06T23:40:10.487148,0.000,10.099,10.053
2025-12-06T23:40:11.604034,0.000,10.099,10.053
2025-12-06T23:40:12.546323,0.000,10.099,10.053
2025-12-06T23:40:13.669493,0.000,10.099,10.053
2025-12-06T23:40:14.684027,0.000,10.099,10.053
2025-12-06T23:40:15.612618,0.000,10.099,10.053
2025-12-06T23:40:16.633481,0.000,10.099,10.053
2025-12-06T23:40:17.618006,0.000,10.099,10.053
2025-12-06T23:40:18.814897,0.000,10.099,10.053
2025-12-06T23:40:19.694989,0.000,10.099,10.053
2025-12-06T23:40:20.719383,0.000,10.099,10.053
2025-12-06T23:40:21.710512,0.000,10.099,10.053
2025-12-06T23:40:22.782460,0.000,10.099,10.053
2025-12-06T23:40:23.810365,0.000,10.099,10.053
2025-12-06T23:40:24.726821,0.000,10.099,10.053
2025-12-06T23:40:25.863363,0.000,10.099,10.053
2025-12-06T23:40:26.779317,0.000,10.099,10.053
2025-12-06T23:40:28.000083,0.000,10.099,10.053
2025-12-06T23:40:29.021182,0.000,10.099,10.053
2025-12-06T23:40:30.351597,0.000,10.099,10.053
2025-12-06T23:40:31.063104,0.000,10.099,10.053
2025-12-06T23:40:31.991540,0.000,10.099,10.053
2025-12-06T23:40:33.013673,0.000,10.099,10.053
2025-12-06T23:40:33.890238,0.000,10.099,10.053
2025-12-06T23:40:34.965106,0.000,10.099,10.053
2025-12-06T23:40:35.978548,0.000,10.099,10.053
2025-12-06T23:40:36.957430,0.000,10.099,10.053
2025-12-06T23:40:38.126320,0.000,10.099,10.053
2025-12-06T23:40:39.047444,0.000,10.099,10.053
2025-12-06T23:40:40.000802,0.000,10.099,10.053
2025-12-06T23:40:41.006356,0.000,10.099,10.053
2025-12-06T23:40:42.670500,0.000,10.099,10.053
2025-12-06T23:40:43.254507,0.000,10.099,10.053
2025-12-06T23:40:44.176854,0.000,10.099,10.053
2025-12-06T23:40:45.101676,0.000,10.099,10.053
2025-12-06T23:40:46.221865,0.000,10.099,10.053
2025-12-06T23:40:47.352870,0.000,10.099,10.053
2025-12-06T23:40:48.278124,0.000,10.099,10.053
2025-12-06T23:40:49.168679,0.000,10.099,10.053
2025-12-06T23:40:50.214110,0.000,10.099,10.053
2025-12-06T23:40:51.235898,0.000,10.099,10.053
2025-12-06T23:40:52.260478,0.000,10.099,10.053
2025-12-06T23:40:53.245363,0.000,10.099,10.053
2025-12-06T23:40:54.269283,0.000,10.099,10.053
2025-12-06T23:40:55.333361,0.000,10.099,10.053
2025-12-06T23:40:56.484323,0.000,10.099,10.053
2025-12-06T23:40:57.381382,0.000,10.099,10.053
2025-12-06T23:40:58.416249,0.000,10.099,10.053
2025-12-06T23:40:59.324178,0.000,10.099,10.053
2025-12-06T23:41:00.353023,0.000,10.099,10.053
2025-12-06T23:41:01.378505,0.000,10.099,10.053
2025-12-06T23:41:02.519407,0.000,10.099,10.053
2025-12-06T23:41:03.550367,0.000,10.099,10.053
2025-12-06T23:41:04.548890,0.002,10.099,10.056
2025-12-06T23:41:05.590571,0.509,10.593,10.564
2025-12-06T23:41:06.915297,0.393,10.986,10.958
2025-12-06T23:41:07.522718,0.273,11.267,11.231
2025-12-06T23:41:08.749080,0.178,11.452,11.409
2025-12-06T23:41:09.779392,0.102,11.549,11.511
2025-12-06T23:41:10.696755,0.031,11.581,11.542
2025-12-06T23:41:11.717779,0.000,11.581,11.542
2025-12-06T23:41:12.637109,0.000,11.581,11.542
2025-12-06T23:41:13.781275,0.000,11.581,11.542
2025-12-06T23:41:14.606920,0.000,11.581,11.542
2025-12-06T23:41:15.817330,0.000,11.581,11.542
2025-12-06T23:41:16.846822,0.000,11.581,11.542
2025-12-06T23:41:17.964851,0.000,11.581,11.542
2025-12-06T23:41:18.889514,0.000,11.581,11.542
2025-12-06T23:41:19.926398,0.000,11.581,11.542
2025-12-06T23:41:20.827374,0.000,11.581,11.542
2025-12-06T23:41:22.060077,0.000,11.581,11.542
2025-12-06T23:41:22.980515,0.000,11.581,11.542
2025-12-06T23:41:24.003164,0.000,11.581,11.542
2025-12-06T23:41:25.237392,0.000,11.581,11.542
2025-12-06T23:41:25.870093,0.000,11.581,11.542
2025-12-06T23:41:27.189817,0.000,11.581,11.542
2025-12-06T23:41:28.001193,0.000,11.581,11.542
2025-12-06T23:41:29.042026,0.000,11.581,11.542
2025-12-06T23:41:30.048719,0.000,11.581,11.542
2025-12-06T23:41:31.170495,0.000,11.581,11.542
2025-12-06T23:41:32.307742,0.000,11.581,11.542
2025-12-06T23:41:33.123321,0.000,11.581,11.542
2025-12-06T23:41:34.153110,0.000,11.581,11.542
2025-12-06T23:41:35.085507,0.000,11.581,11.542
2025-12-06T23:41:36.195773,0.000,11.581,11.542
2025-12-06T23:41:37.110780,0.000,11.581,11.542
2025-12-06T23:41:38.450180,0.000,11.581,11.542
2025-12-06T23:41:39.380727,0.000,11.581,11.542
2025-12-06T23:41:40.189161,0.000,11.581,11.542
2025-12-06T23:41:41.307829,0.000,11.581,11.542
2025-12-06T23:41:42.231431,0.000,11.581,11.542
2025-12-06T23:41:43.107979,0.000,11.581,11.542
2025-12-06T23:41:44.388366,0.000,11.581,11.542
2025-12-06T23:41:45.150300,0.000,11.581,11.542
2025-12-06T23:41:46.325361,0.000,11.581,11.542
2025-12-06T23:41:47.355592,0.000,11.581,11.542
2025-12-06T23:41:48.385913,0.000,11.581,11.542
2025-12-06T23:41:49.216413,0.000,11.581,11.542
2025-12-06T23:41:50.225563,0.000,11.581,11.542
2025-12-06T23:41:51.660546,0.000,11.581,11.542
2025-12-06T23:41:52.264637,0.111,11.696,11.653
2025-12-06T23:41:53.298594,0.313,12.006,11.967
2025-12-06T23:41:54.416290,0.653,12.659,12.620
2025-12-06T23:41:55.448591,0.562,13.249,13.182
2025-12-06T23:41:56.467573,0.351,13.604,13.533
2025-12-06T23:41:57.348611,0.224,13.824,13.758
2025-12-06T23:41:58.416763,0.131,13.960,13.889
2025-12-06T23:41:59.443145,0.040,14.001,13.929
2025-12-06T23:42:00.414810,0.000,14.001,13.929
2025-12-06T23:42:01.604508,0.000,14.001,13.929
2025-12-06T23:42:02.627245,0.000,14.001,13.929
2025-12-06T23:42:03.737651,0.000,14.001,13.929
2025-12-06T23:42:04.762669,0.000,14.001,13.929
2025-12-06T23:42:05.691584,0.000,14.001,13.929
2025-12-06T23:42:06.715015,0.000,14.001,13.929
2025-12-06T23:42:07.735685,0.000,14.001,13.929
2025-12-06T23:42:08.760426,0.000,14.001,13.929
2025-12-06T23:42:09.781947,0.000,14.001,13.929
2025-12-06T23:42:10.652388,0.000,14.001,13.929
2025-12-06T23:42:11.723362,0.000,14.001,13.929
2025-12-06T23:42:12.852054,0.000,14.001,13.929
2025-12-06T23:42:13.677041,0.000,14.001,13.929
2025-12-06T23:42:15.038442,0.000,14.001,13.929
2025-12-06T23:42:15.937623,0.000,14.001,13.929
2025-12-06T23:42:16.841486,0.000,14.001,13.929
2025-12-06T23:42:17.973298,0.000,14.001,13.929
2025-12-06T23:42:18.738463,0.000,14.001,13.929
2025-12-06T23:42:20.013285,0.000,14.001,13.929
2025-12-06T23:42:21.053096,0.000,14.001,13.929
2025-12-06T23:42:22.067621,0.000,14.001,13.929
2025-12-06T23:42:23.010710,0.000,14.001,13.929
2025-12-06T23:42:23.912718,0.000,14.001,13.929
2025-12-06T23:42:25.039792,0.000,14.001,13.929
2025-12-06T23:42:26.169158,0.000,14.001,13.929
2025-12-06T23:42:27.083706,0.000,14.001,13.929
2025-12-06T23:42:27.921487,0.000,14.001,13.929
2025-12-06T23:42:29.039089,0.000,14.001,13.929
2025-12-06T23:42:30.049626,0.000,14.001,13.929
2025-12-06T23:42:30.976570,0.000,14.001,13.929
2025-12-06T23:42:32.303127,0.000,14.001,13.929
2025-12-06T23:42:33.122132,0.000,14.001,13.929
2025-12-06T23:42:34.144813,0.000,14.001,13.929
2025-12-06T23:42:35.176530,0.000,14.001,13.929
2025-12-06T23:42:36.210388,0.000,14.001,13.929
2025-12-06T23:42:37.120842,0.000,14.001,13.929
2025-12-06T23:42:38.149823,0.000,14.001,13.929
2025-12-06T23:42:39.124025,0.000,14.001,13.929
2025-12-06T23:42:40.504517,0.000,14.001,13.929
2025-12-06T23:42:41.221265,0.000,14.001,13.929
2025-12-06T23:42:42.149981,0.000,14.001,13.929
2025-12-06T23:42:43.266589,0.000,14.001,13.929
2025-12-06T23:42:44.287691,0.000,14.001,13.929
2025-12-06T23:42:45.307830,0.000,14.001,13.929
2025-12-06T23:42:46.330183,0.000,14.001,13.929
2025-12-06T23:42:47.565700,0.000,14.001,13.929
2025-12-06T23:42:48.391872,0.000,14.001,13.929
2025-12-06T23:42:49.509967,0.000,14.001,13.929
2025-12-06T23:42:50.335249,0.000,14.001,13.929
2025-12-06T23:42:51.353124,0.000,14.001,13.929
2025-12-06T23:42:52.502697,0.000,14.001,13.929
2025-12-06T23:42:53.504715,0.000,14.001,13.929
2025-12-06T23:42:54.387990,0.000,14.001,13.929
2025-12-06T23:42:55.867287,0.000,14.001,13.929
2025-12-06T23:42:56.485420,0.000,14.001,13.929
2025-12-06T23:42:57.597914,0.000,14.001,13.929
2025-12-06T23:42:58.523261,0.000,14.001,13.929
2025-12-06T23:42:59.542300,0.000,14.001,13.929
2025-12-06T23:43:00.483910,0.000,14.001,13.929
2025-12-06T23:43:01.613663,0.000,14.001,13.929
2025-12-06T23:43:02.624250,0.000,14.001,13.929
2025-12-06T23:43:03.647274,0.000,14.001,13.929
2025-12-06T23:43:04.666488,0.000,14.001,13.929
2025-12-06T23:43:05.605638,0.000,14.001,13.929
2025-12-06T23:43:06.824186,0.000,14.001,13.929
2025-12-06T23:43:07.591282,0.000,14.001,13.929
2025-12-06T23:43:08.613979,0.000,14.001,13.929
2025-12-06T23:43:09.696108,0.000,14.001,13.929
2025-12-06T23:43:10.711490,0.000,14.001,13.929
2025-12-06T23:43:11.837044,0.000,14.001,13.929
2025-12-06T23:43:12.857828,0.000,14.001,13.929
2025-12-06T23:43:13.779180,0.000,14.001,13.929
2025-12-06T23:43:15.022632,0.000,14.001,13.929
2025-12-06T23:43:15.748522,0.000,14.001,13.929
2025-12-06T23:43:16.855218,0.000,14.001,13.929
2025-12-06T23:43:17.793858,0.000,14.001,13.929
2025-12-06T23:43:18.894954,0.000,14.001,13.929
2025-12-06T23:43:19.837734,0.000,14.001,13.929
2025-12-06T23:43:20.951859,0.000,14.001,13.929
2025-12-06T23:43:21.971414,0.000,14.001,13.929
2025-12-06T23:43:23.423281,0.000,14.001,13.929
2025-12-06T23:43:24.036957,0.000,14.001,13.929
2025-12-06T23:43:24.889836,0.000,14.001,13.929
2025-12-06T23:43:25.926700,0.000,14.001,13.929
2025-12-06T23:43:26.947539,0.000,14.001,13.929
2025-12-06T23:43:28.015996,0.000,14.001,13.929
2025-12-06T23:43:29.035627,0.000,14.001,13.929
2025-12-06T23:43:30.060106,0.000,14.001,13.929
2025-12-06T23:43:31.108476,0.000,14.001,13.929
2025-12-06T23:43:32.211494,0.000,14.001,13.929
2025-12-06T23:43:33.127885,0.000,14.001,13.929
2025-12-06T23:43:34.065679,0.000,14.001,13.929
2025-12-06T23:43:35.283420,0.000,14.001,13.929
2025-12-06T23:43:36.107279,0.000,14.001,13.929
2025-12-06T23:43:37.151943,0.000,14.001,13.929
2025-12-06T23:43:38.380033,0.000,14.001,13.929
2025-12-06T23:43:39.277695,0.000,14.001,13.929
2025-12-06T23:43:40.413335,0.000,14.001,13.929
2025-12-06T23:43:41.424489,0.000,14.001,13.929
2025-12-06T23:43:42.345882,0.000,14.001,13.929
2025-12-06T23:43:43.471533,0.000,14.001,13.929
2025-12-06T23:43:44.501164,0.000,14.001,13.929
2025-12-06T23:43:45.416913,0.000,14.001,13.929
2025-12-06T23:43:46.543535,0.000,14.001,13.929
2025-12-06T23:43:47.778024,0.000,14.001,13.929
2025-12-06T23:43:48.494949,0.000,14.001,13.929
2025-12-06T23:43:49.371104,0.000,14.001,13.929
2025-12-06T23:43:50.649259,0.000,14.001,13.929
2025-12-06T23:43:51.870624,0.000,14.001,13.929
2025-12-06T23:43:52.689848,0.000,14.001,13.929
2025-12-06T23:43:53.519296,0.000,14.001,13.929
2025-12-06T23:43:54.538548,0.000,14.001,13.929
2025-12-06T23:43:55.562877,0.000,14.001,13.929
2025-12-06T23:43:56.681681,0.000,14.001,13.929
2025-12-06T23:43:57.603618,0.000,14.001,13.929
2025-12-06T23:43:58.636022,0.000,14.001,13.929
2025-12-06T23:43:59.757864,0.000,14.001,13.929
2025-12-06T23:44:00.674109,0.000,14.001,13.929
2025-12-06T23:44:01.602503,0.000,14.001,13.929
2025-12-06T23:44:02.725151,0.000,14.001,13.929
2025-12-06T23:44:03.857676,0.000,14.001,13.929
2025-12-06T23:44:04.882006,0.000,14.001,13.929
2025-12-06T23:44:05.655219,0.000,14.001,13.929
2025-12-06T23:44:06.821831,0.000,14.001,13.929
2025-12-06T23:44:07.850382,0.000,14.001,13.929
2025-12-06T23:44:08.876903,0.000,14.001,13.929
2025-12-06T23:44:09.899066,0.000,14.001,13.929
2025-12-06T23:44:10.818129,0.000,14.001,13.929
2025-12-06T23:44:11.765035,0.000,14.001,13.929
2025-12-06T23:44:12.972801,0.000,14.001,13.929
2025-12-06T23:44:14.000800,0.000,14.001,13.929
2025-12-06T23:44:15.013543,0.000,14.001,13.929
2025-12-06T23:44:16.045110,0.000,14.001,13.929
2025-12-06T23:44:16.959005,0.000,14.001,13.929
2025-12-06T23:44:18.088199,0.000,14.001,13.929
2025-12-06T23:44:19.006717,0.000,14.001,13.929
2025-12-06T23:44:19.933575,0.000,14.001,13.929
2025-12-06T23:44:20.906247,0.000,14.001,13.929
2025-12-06T23:44:21.978259,0.000,14.001,13.929
2025-12-06T23:44:23.106468,0.000,14.001,13.929
2025-12-06T23:44:24.236412,0.000,14.001,13.929
2025-12-06T23:44:25.047619,0.000,14.001,13.929
2025-12-06T23:44:25.977120,0.000,14.001,13.929
2025-12-06T23:44:27.098255,0.000,14.001,13.929
2025-12-06T23:44:28.117945,0.000,14.001,13.929
2025-12-06T23:44:29.154488,0.000,14.001,13.929
2025-12-06T23:44:30.181101,0.000,14.001,13.929
2025-12-06T23:44:31.202189,0.000,14.001,13.929
2025-12-06T23:44:32.215175,0.000,14.001,13.929
2025-12-06T23:44:33.151908,0.000,14.001,13.929
2025-12-06T23:44:34.371284,0.000,14.001,13.929
2025-12-06T23:44:35.287859,0.000,14.001,13.929
2025-12-06T23:44:36.315498,0.000,14.001,13.929
2025-12-06T23:44:37.251530,0.000,14.001,13.929
2025-12-06T23:44:38.261386,0.000,14.001,13.929
2025-12-06T23:44:39.390334,0.000,14.001,13.929
2025-12-06T23:44:40.512804,0.000,14.001,13.929
2025-12-06T23:44:41.644919,0.000,14.001,13.929
2025-12-06T23:44:42.453402,0.000,14.001,13.929
2025-12-06T23:44:43.387236,0.000,14.001,13.929
2025-12-06T23:44:44.511566,0.000,14.001,13.929
2025-12-06T23:44:45.525620,0.000,14.001,13.929
2025-12-06T23:44:46.553670,0.000,14.001,13.929
2025-12-06T23:44:47.473708,0.000,14.001,13.929
2025-12-06T23:44:48.803212,0.000,14.001,13.929
2025-12-06T23:44:49.525183,0.000,14.001,13.929
2025-12-06T23:44:50.543252,0.000,14.001,13.929
2025-12-06T23:44:51.567515,0.000,14.001,13.929
2025-12-06T23:44:52.698354,0.000,14.001,13.929
2025-12-06T23:44:53.721715,0.000,14.001,13.929
2025-12-06T23:44:55.053467,0.000,14.001,13.929
2025-12-06T23:44:55.570521,0.000,14.001,13.929
2025-12-06T23:44:56.790757,0.000,14.001,13.929
2025-12-06T23:44:57.940105,0.000,14.001,13.929
2025-12-06T23:44:58.760047,0.000,14.001,13.929
2025-12-06T23:44:59.673199,0.000,14.001,13.929
2025-12-06T23:45:00.789117,0.000,14.001,13.929
2025-12-06T23:45:01.630707,0.000,14.001,13.929
2025-12-06T23:45:02.937880,0.000,14.001,13.929
2025-12-06T23:45:03.868925,0.000,14.001,13.929
2025-12-06T23:45:04.885123,0.000,14.001,13.929
2025-12-06T23:45:05.810736,0.000,14.001,13.929
2025-12-06T23:45:06.829916,0.000,14.001,13.929
2025-12-06T23:45:08.057711,0.000,14.001,13.929
2025-12-06T23:45:08.986144,0.000,14.001,13.929
2025-12-06T23:45:09.918774,0.000,14.001,13.929
2025-12-06T23:45:11.125003,0.000,14.001,13.929
2025-12-06T23:45:11.973046,0.000,14.001,13.929
2025-12-06T23:45:12.828792,0.000,14.001,13.929
2025-12-06T23:45:14.103405,0.000,14.001,13.929
2025-12-06T23:45:15.124565,0.000,14.001,13.929
2025-12-06T23:45:16.156828,0.000,14.001,13.929
2025-12-06T23:45:16.970054,0.000,14.001,13.929
2025-12-06T23:45:18.102082,0.000,14.001,13.929
2025-12-06T23:45:19.123428,0.000,14.001,13.929
2025-12-06T23:45:20.241680,0.000,14.001,13.929
2025-12-06T23:45:21.277139,0.000,14.001,13.929
2025-12-06T23:45:22.191666,0.000,14.001,13.929
2025-12-06T23:45:23.330071,0.000,14.001,13.929
2025-12-06T23:45:24.135064,0.000,14.001,13.929
2025-12-06T23:45:25.359448,0.000,14.001,13.929
2025-12-06T23:45:26.601285,0.000,14.001,13.929
2025-12-06T23:45:27.209404,0.000,14.001,13.929
2025-12-06T23:45:28.538599,0.000,14.001,13.929
2025-12-06T23:45:29.356582,0.000,14.001,13.929
2025-12-06T23:45:30.384017,0.000,14.001,13.929
2025-12-06T23:45:31.520740,0.000,14.001,13.929
2025-12-06T23:45:32.636918,0.000,14.001,13.929
2025-12-06T23:45:33.360530,0.000,14.001,13.929
2025-12-06T23:45:34.387007,0.000,14.001,13.929
2025-12-06T23:45:35.297616,0.000,14.001,13.929
2025-12-06T23:45:36.428176,0.000,14.001,13.929
2025-12-06T23:45:37.552436,0.000,14.001,13.929
2025-12-06T23:45:38.468892,0.000,14.001,13.929
2025-12-06T23:45:39.407068,0.000,14.001,13.929
2025-12-06T23:45:40.419896,0.000,14.001,13.929
2025-12-06T23:45:41.545534,0.000,14.001,13.929
2025-12-06T23:45:42.568010,0.000,14.001,13.929
2025-12-06T23:45:43.598048,0.000,14.001,13.929
2025-12-06T23:45:44.658355,0.000,14.001,13.929
2025-12-06T23:45:45.645514,0.000,14.001,13.929
2025-12-06T23:45:46.562928,0.000,14.001,13.929
2025-12-06T23:45:47.693002,0.000,14.001,13.929
2025-12-06T23:45:48.709209,0.000,14.001,13.929
2025-12-06T23:45:49.628087,0.000,14.001,13.929
2025-12-06T23:45:50.655008,0.000,14.001,13.929
2025-12-06T23:45:51.984309,0.000,14.001,13.929
2025-12-06T23:45:52.710365,0.000,14.001,13.929
2025-12-06T23:45:53.733589,0.000,14.001,13.929
2025-12-06T23:45:54.859673,0.000,14.001,13.929
2025-12-06T23:45:55.686136,0.000,14.001,13.929
2025-12-06T23:45:56.798094,0.000,14.001,13.929
2025-12-06T23:45:57.825929,0.000,14.001,13.929
2025-12-06T23:45:58.956183,0.000,14.001,13.929
2025-12-06T23:45:59.979196,0.000,14.001,13.929
2025-12-06T23:46:01.101625,0.000,14.001,13.929
2025-12-06T23:46:01.815646,0.000,14.001,13.929
2025-12-06T23:46:02.859817,0.000,14.001,13.929
2025-12-06T23:46:03.765359,0.000,14.001,13.929
2025-12-06T23:46:05.000150,0.000,14.001,13.929
2025-12-06T23:46:06.028488,0.000,14.001,13.929
2025-12-06T23:46:07.158174,0.000,14.001,13.929
2025-12-06T23:46:08.026980,0.000,14.001,13.929
2025-12-06T23:46:09.007693,0.000,14.001,13.929
2025-12-06T23:46:10.438129,0.000,14.001,13.929
2025-12-06T23:46:11.238045,0.000,14.001,13.929
2025-12-06T23:46:12.167813,0.000,14.001,13.929
2025-12-06T23:46:13.000862,0.000,14.001,13.929
2025-12-06T23:46:14.111006,0.000,14.001,13.929
2025-12-06T23:46:15.126028,0.000,14.001,13.929
2025-12-06T23:46:16.495133,0.000,14.001,13.929
2025-12-06T23:46:17.199840,0.000,14.001,13.929
2025-12-06T23:46:18.319412,0.000,14.001,13.929
2025-12-06T23:46:19.329003,0.000,14.001,13.929
2025-12-06T23:46:20.247856,0.000,14.001,13.929
2025-12-06T23:46:21.189436,0.000,14.001,13.929
2025-12-06T23:46:22.427987,0.000,14.001,13.929
2025-12-06T23:46:23.318109,0.000,14.001,13.929
2025-12-06T23:46:24.240733,0.000,14.001,13.929
2025-12-06T23:46:25.275110,0.000,14.001,13.929
2025-12-06T23:46:26.301577,0.000,14.001,13.929
2025-12-06T23:46:27.417574,0.000,14.001,13.929
2025-12-06T23:46:28.437589,0.000,14.001,13.929
2025-12-06T23:46:29.261887,0.000,14.001,13.929
2025-12-06T23:46:30.405109,0.007,14.001,13.936
2025-12-06T23:46:31.420690,0.944,14.917,14.880
2025-12-06T23:46:32.330012,0.596,15.512,15.476
2025-12-06T23:46:33.357420,0.376,15.899,15.851
2025-12-06T23:46:34.379932,0.256,16.165,16.107
2025-12-06T23:46:35.417720,0.167,16.327,16.273
2025-12-06T23:46:36.332316,0.091,16.419,16.364
2025-12-06T23:46:37.551326,0.020,16.438,16.384
2025-12-06T23:46:38.481610,0.000,16.438,16.384
2025-12-06T23:46:39.615055,0.000,16.438,16.384
2025-12-06T23:46:40.629717,0.000,16.438,16.384
2025-12-06T23:46:41.656623,0.000,16.438,16.384
2025-12-06T23:46:42.571541,0.000,16.438,16.384
2025-12-06T23:46:43.705518,0.000,16.438,16.384
2025-12-06T23:46:44.833050,0.000,16.438,16.384
2025-12-06T23:46:45.851722,0.000,16.438,16.384
2025-12-06T23:46:46.673987,0.000,16.438,16.384
2025-12-06T23:46:47.601935,0.000,16.438,16.384
2025-12-06T23:46:48.716542,0.000,16.438,16.384
2025-12-06T23:46:49.739604,0.062,16.499,16.447
2025-12-06T23:46:50.768372,0.220,16.717,16.667
2025-12-06T23:46:51.706514,0.144,16.860,16.811
2025-12-06T23:46:52.716830,0.067,16.925,16.878
2025-12-06T23:46:53.739602,0.007,16.925,16.884
2025-12-06T23:46:54.974925,0.000,16.925,16.884
2025-12-06T23:46:55.814490,0.000,16.925,16.884
2025-12-06T23:46:56.926805,0.000,16.925,16.884
2025-12-06T23:46:58.040878,0.000,16.925,16.884
2025-12-06T23:46:58.871372,0.000,16.925,16.884
2025-12-06T23:46:59.895966,0.000,16.925,16.884
2025-12-06T23:47:00.919338,0.000,16.925,16.884
2025-12-06T23:47:02.134122,0.000,16.925,16.884
2025-12-06T23:47:02.861163,0.000,16.925,16.884
2025-12-06T23:47:03.882011,0.000,16.925,16.884
2025-12-06T23:47:04.897936,0.000,16.925,16.884
2025-12-06T23:47:06.046905,0.000,16.925,16.884
2025-12-06T23:47:06.941791,0.000,16.925,16.884
2025-12-06T23:47:08.041236,0.000,16.925,16.884
2025-12-06T23:47:09.093731,0.000,16.925,16.884
2025-12-06T23:47:10.021677,0.000,16.925,16.884
2025-12-06T23:47:11.059713,0.000,16.925,16.884
2025-12-06T23:47:12.065728,0.000,16.925,16.884
2025-12-06T23:47:13.090861,0.000,16.925,16.884
2025-12-06T23:47:14.218228,0.000,16.925,16.884
2025-12-06T23:47:15.134322,0.000,16.925,16.884
2025-12-06T23:47:16.179568,0.000,16.925,16.884
2025-12-06T23:47:17.194945,0.000,16.925,16.884
2025-12-06T23:47:18.228337,0.000,16.925,16.884
2025-12-06T23:47:19.238871,0.000,16.925,16.884
2025-12-06T23:47:20.260796,0.000,16.925,16.884
2025-12-06T23:47:21.389134,0.000,16.925,16.884
2025-12-06T23:47:22.309888,0.000,16.925,16.884
2025-12-06T23:47:23.227528,0.000,16.925,16.884
2025-12-06T23:47:24.253434,0.000,16.925,16.884
2025-12-06T23:47:25.480700,0.000,16.925,16.884
2025-12-06T23:47:26.400389,0.000,16.925,16.884
2025-12-06T23:47:27.443210,0.000,16.925,16.884
2025-12-06T23:47:28.448232,0.000,16.925,16.884
2025-12-06T23:47:29.604623,0.000,16.925,16.884
2025-12-06T23:47:30.510593,0.000,16.925,16.884
2025-12-06T23:47:31.421463,0.000,16.925,16.884
2025-12-06T23:47:32.443330,0.000,16.925,16.884
2025-12-06T23:47:33.568538,0.000,16.925,16.884
2025-12-06T23:47:34.488634,0.000,16.925,16.884
2025-12-06T23:47:35.660519,0.000,16.925,16.884
2025-12-06T23:47:36.544534,0.000,16.925,16.884
2025-12-06T23:47:37.778830,0.000,16.925,16.884
2025-12-06T23:47:38.630784,0.000,16.925,16.884
2025-12-06T23:47:39.511540,0.000,16.925,16.884
2025-12-06T23:47:40.641653,0.000,16.925,16.884
2025-12-06T23:47:41.657318,0.000,16.925,16.884
2025-12-06T23:47:42.690639,0.000,16.925,16.884
2025-12-06T23:47:43.717853,0.000,16.925,16.884
2025-12-06T23:47:44.649818,0.000,16.925,16.884
2025-12-06T23:47:45.611382,0.000,16.925,16.884
2025-12-06T23:47:46.780506,0.000,16.925,16.884
2025-12-06T23:47:47.903821,0.000,16.925,16.884
2025-12-06T23:47:48.838994,0.000,16.925,16.884
2025-12-06T23:47:49.853465,0.000,16.925,16.884
2025-12-06T23:47:50.769434,0.000,16.925,16.884
2025-12-06T23:47:51.811656,0.000,16.925,16.884
2025-12-06T23:47:52.718244,0.000,16.925,16.884
2025-12-06T23:47:53.845800,0.000,16.925,16.884
2025-12-06T23:47:54.887759,0.000,16.925,16.884
2025-12-06T23:47:55.991355,0.000,16.925,16.884
2025-12-06T23:47:56.946100,0.000,16.925,16.884
2025-12-06T23:47:57.937377,0.000,16.925,16.884
2025-12-06T23:47:58.867163,0.000,16.925,16.884
2025-12-06T23:48:00.005203,0.000,16.925,16.884
2025-12-06T23:48:01.013030,0.000,16.925,16.884
2025-12-06T23:48:02.057593,0.000,16.925,16.884
2025-12-06T23:48:03.075628,0.000,16.925,16.884
2025-12-06T23:48:04.391643,0.000,16.925,16.884
2025-12-06T23:48:05.220799,0.000,16.925,16.884
2025-12-06T23:48:06.041233,0.000,16.925,16.884
2025-12-06T23:48:07.169182,0.000,16.925,16.884
2025-12-06T23:48:08.099968,0.000,16.925,16.884
2025-12-06T23:48:09.201325,0.000,16.925,16.884
2025-12-06T23:48:09.981192,0.000,16.925,16.884
2025-12-06T23:48:11.152061,0.000,16.925,16.884
2025-12-06T23:48:12.181736,0.000,16.925,16.884
2025-12-06T23:48:13.196399,0.000,16.925,16.884
2025-12-06T23:48:14.531631,0.000,16.925,16.884
2025-12-06T23:48:15.148824,0.000,16.925,16.884
2025-12-06T23:48:16.187679,0.000,16.925,16.884
2025-12-06T23:48:17.196235,0.324,17.240,17.209
2025-12-06T23:48:18.228012,0.638,17.896,17.847
2025-12-06T23:48:19.158793,0.393,18.270,18.240
2025-12-06T23:48:20.175368,0.273,18.530,18.513
2025-12-06T23:48:21.290723,0.184,18.709,18.698
2025-12-06T23:48:22.325467,0.116,18.830,18.813
2025-12-06T23:48:23.331432,0.049,18.880,18.862
2025-12-06T23:48:24.377658,0.002,18.880,18.864
2025-12-06T23:48:25.229317,0.000,18.880,18.864
2025-12-06T23:48:26.286987,0.000,18.880,18.864
2025-12-06T23:48:27.342977,0.000,18.880,18.864
2025-12-06T23:48:28.308726,0.000,18.880,18.864
2025-12-06T23:48:29.480471,0.000,18.880,18.864
2025-12-06T23:48:30.360442,0.000,18.880,18.864
2025-12-06T23:48:31.430243,0.000,18.880,18.864
2025-12-06T23:48:32.364007,0.000,18.880,18.864
2025-12-06T23:48:33.489717,0.000,18.880,18.864
2025-12-06T23:48:34.397884,0.000,18.880,18.864
2025-12-06T23:48:35.535868,0.000,18.880,18.864
2025-12-06T23:48:36.556356,0.000,18.880,18.864
2025-12-06T23:48:37.670661,0.000,18.880,18.864
2025-12-06T23:48:38.611333,0.000,18.880,18.864
2025-12-06T23:48:39.715328,0.000,18.880,18.864
2025-12-06T23:48:40.869055,0.000,18.880,18.864
2025-12-06T23:48:41.788553,0.000,18.880,18.864
2025-12-06T23:48:42.693707,0.000,18.880,18.864
2025-12-06T23:48:43.810335,0.000,18.880,18.864
2025-12-06T23:48:44.838487,0.000,18.880,18.864
2025-12-06T23:48:45.760695,0.000,18.880,18.864
2025-12-06T23:48:46.677406,0.000,18.880,18.864
2025-12-06T23:48:47.926868,0.000,18.880,18.864
2025-12-06T23:48:48.836357,0.000,18.880,18.864
2025-12-06T23:48:49.873225,0.000,18.880,18.864
2025-12-06T23:48:50.880827,0.000,18.880,18.864
2025-12-06T23:48:51.807944,0.000,18.880,18.864
2025-12-06T23:48:52.843889,0.000,18.880,18.864
2025-12-06T23:48:53.957305,0.000,18.880,18.864
2025-12-06T23:48:54.972690,0.000,18.880,18.864
2025-12-06T23:48:56.109599,0.000,18.880,18.864
2025-12-06T23:48:56.939877,0.000,18.880,18.864
2025-12-06T23:48:57.942415,0.000,18.880,18.864
2025-12-06T23:48:59.068358,0.000,18.880,18.864
2025-12-06T23:49:00.101746,0.000,18.880,18.864
2025-12-06T23:49:01.119575,0.000,18.880,18.864
2025-12-06T23:49:02.142757,0.000,18.880,18.864
2025-12-06T23:49:03.307856,0.000,18.880,18.864
2025-12-06T23:49:03.948008,0.000,18.880,18.864
2025-12-06T23:49:05.526286,0.000,18.880,18.864
2025-12-06T23:49:06.241984,0.000,18.880,18.864
2025-12-06T23:49:07.261707,0.000,18.880,18.864
2025-12-06T23:49:08.188216,0.000,18.880,18.864
2025-12-06T23:49:09.104262,0.000,18.880,18.864
2025-12-06T23:49:10.251890,0.000,18.880,18.864
2025-12-06T23:49:11.380301,0.000,18.880,18.864
2025-12-06T23:49:12.297196,0.000,18.880,18.864
2025-12-06T23:49:13.307774,0.000,18.880,18.864
2025-12-06T23:49:14.248011,0.000,18.880,18.864
2025-12-06T23:49:15.352266,0.000,18.880,18.864
2025-12-06T23:49:16.374394,0.000,18.880,18.864
2025-12-06T23:49:17.152494,0.000,18.880,18.864
2025-12-06T23:49:18.422993,0.000,18.880,18.864
2025-12-06T23:49:19.463556,0.000,18.880,18.864
2025-12-06T23:49:20.477540,0.000,18.880,18.864
2025-12-06T23:49:21.248006,0.000,18.880,18.864
2025-12-06T23:49:22.271368,0.000,18.880,18.864
2025-12-06T23:49:23.354740,0.000,18.880,18.864
2025-12-06T23:49:24.374406,0.000,18.880,18.864
2025-12-06T23:49:25.390255,0.000,18.880,18.864
2025-12-06T23:49:26.520569,0.000,18.880,18.864
2025-12-06T23:49:27.451638,0.000,18.880,18.864
2025-12-06T23:49:28.669777,0.000,18.880,18.864
2025-12-06T23:49:29.328354,0.000,18.880,18.864
2025-12-06T23:49:30.713274,0.000,18.880,18.864
2025-12-06T23:49:31.538779,0.000,18.880,18.864
2025-12-06T23:49:32.681022,0.000,18.880,18.864
2025-12-06T23:49:33.603505,0.000,18.880,18.864
2025-12-06T23:49:34.833972,0.000,18.880,18.864
2025-12-06T23:49:35.861829,0.000,18.880,18.864
2025-12-06T23:49:36.961996,0.000,18.880,18.864
2025-12-06T23:49:37.677994,0.000,18.880,18.864
2025-12-06T23:49:38.724500,0.000,18.880,18.864
2025-12-06T23:49:39.745610,0.000,18.880,18.864
2025-12-06T23:49:40.860657,0.000,18.880,18.864
2025-12-06T23:49:41.797332,0.000,18.880,18.864
2025-12-06T23:49:42.617844,0.000,18.880,18.864
2025-12-06T23:49:43.933122,0.000,18.880,18.864
2025-12-06T23:49:44.748256,0.000,18.880,18.864
2025-12-06T23:49:45.870901,0.000,18.880,18.864
2025-12-06T23:49:46.723543,0.000,18.880,18.864
2025-12-06T23:49:48.047681,0.000,18.880,18.864
2025-12-06T23:49:49.064304,0.000,18.880,18.864
2025-12-06T23:49:50.091046,0.000,18.880,18.864
2025-12-06T23:49:50.891786,0.000,18.880,18.864
2025-12-06T23:49:51.921957,0.000,18.880,18.864
2025-12-06T23:49:52.940996,0.000,18.880,18.864
2025-12-06T23:49:54.168637,0.000,18.880,18.864
2025-12-06T23:49:55.310633,0.000,18.880,18.864
2025-12-06T23:49:56.229819,0.000,18.880,18.864
2025-12-06T23:49:57.150312,0.000,18.880,18.864
2025-12-06T23:49:57.911490,0.000,18.880,18.864
2025-12-06T23:49:59.181485,0.000,18.880,18.864
2025-12-06T23:50:00.201001,0.000,18.880,18.864
2025-12-06T23:50:01.226053,0.000,18.880,18.864
2025-12-06T23:50:02.147704,0.000,18.880,18.864
2025-12-06T23:50:03.176003,0.000,18.880,18.864
2025-12-06T23:50:04.201085,0.000,18.880,18.864
2025-12-06T23:50:05.229251,0.000,18.880,18.864
2025-12-06T23:50:06.142244,0.000,18.880,18.864
2025-12-06T23:50:07.188843,0.000,18.880,18.864
2025-12-06T23:50:08.308085,0.000,18.880,18.864
2025-12-06T23:50:09.214416,0.000,18.880,18.864
2025-12-06T23:50:10.262325,0.000,18.880,18.864
2025-12-06T23:50:11.176093,0.000,18.880,18.864
2025-12-06T23:50:12.142853,0.000,18.880,18.864
2025-12-06T23:50:13.342534,0.000,18.880,18.864
2025-12-06T23:50:14.442090,0.000,18.880,18.864
2025-12-06T23:50:15.363666,0.000,18.880,18.864
2025-12-06T23:50:16.389073,0.000,18.880,18.864
2025-12-06T23:50:17.433482,0.000,18.880,18.864
2025-12-06T23:50:18.441258,0.000,18.880,18.864
2025-12-06T23:50:19.578149,0.000,18.880,18.864
2025-12-06T23:50:20.390325,0.000,18.880,18.864
2025-12-06T23:50:21.748396,0.000,18.880,18.864
2025-12-06T23:50:22.533727,0.000,18.880,18.864
2025-12-06T23:50:23.553540,0.000,18.880,18.864
2025-12-06T23:50:24.576777,0.000,18.880,18.864
2025-12-06T23:50:25.601851,0.000,18.880,18.864
2025-12-06T23:50:26.519243,0.000,18.880,18.864
2025-12-06T23:50:27.650768,0.000,18.880,18.864
2025-12-06T23:50:28.467832,0.000,18.880,18.864
2025-12-06T23:50:29.487008,0.000,18.880,18.864
2025-12-06T23:50:30.475385,0.000,18.880,18.864
2025-12-06T23:50:31.508788,0.000,18.880,18.864
2025-12-06T23:50:32.564717,0.000,18.880,18.864
2025-12-06T23:50:33.505250,0.000,18.880,18.864
2025-12-06T23:50:34.616729,0.000,18.880,18.864
2025-12-06T23:50:35.549142,0.000,18.880,18.864
2025-12-06T23:50:36.575550,0.000,18.880,18.864
2025-12-06T23:50:37.615602,0.000,18.880,18.864
2025-12-06T23:50:38.653891,0.000,18.880,18.864
2025-12-06T23:50:39.838063,0.000,18.880,18.864
2025-12-06T23:50:40.755733,0.000,18.880,18.864
2025-12-06T23:50:41.880712,0.000,18.880,18.864
2025-12-06T23:50:42.808568,0.000,18.880,18.864
2025-12-06T23:50:43.931698,0.000,18.880,18.864
2025-12-06T23:50:44.651766,0.000,18.880,18.864
2025-12-06T23:50:46.083695,0.000,18.880,18.864
2025-12-06T23:50:47.110746,0.000,18.880,18.864
2025-12-06T23:50:47.926768,0.000,18.880,18.864
2025-12-06T23:50:48.846617,0.000,18.880,18.864
2025-12-06T23:50:49.982182,0.000,18.880,18.864
2025-12-06T23:50:51.200521,0.000,18.880,18.864
2025-12-06T23:50:52.228169,0.000,18.880,18.864
2025-12-06T23:50:53.149012,0.000,18.880,18.864
2025-12-06T23:50:54.087257,0.000,18.880,18.864
2025-12-06T23:50:55.014896,0.000,18.880,18.864
2025-12-06T23:50:56.115177,0.000,18.880,18.864
2025-12-06T23:50:57.139336,0.000,18.880,18.864
2025-12-06T23:50:58.164696,0.000,18.880,18.864
2025-12-06T23:50:59.391521,0.000,18.880,18.864
2025-12-06T23:51:00.121272,0.000,18.880,18.864
2025-12-06T23:51:01.439800,0.440,19.311,19.304
2025-12-06T23:51:02.170447,0.427,19.725,19.731
2025-12-06T23:51:03.178472,0.284,20.009,20.016
2025-12-06T23:51:04.201213,0.198,20.211,20.213
2025-12-06T23:51:05.328844,0.133,20.343,20.347
2025-12-06T23:51:06.476109,0.880,21.267,21.227
2025-12-06T23:51:07.400548,0.607,21.850,21.833
2025-12-06T23:51:08.110880,0.373,22.208,22.207
2025-12-06T23:51:09.531763,0.253,22.471,22.460
2025-12-06T23:51:10.347984,0.176,22.647,22.636
2025-12-06T23:51:11.393899,0.111,22.755,22.747
2025-12-06T23:51:12.397035,0.056,22.813,22.802
2025-12-06T23:51:13.232024,0.007,22.813,22.809
2025-12-06T23:51:14.447113,0.000,22.813,22.809
2025-12-06T23:51:15.484382,0.000,22.813,22.809
2025-12-06T23:51:16.403558,0.000,22.813,22.809
2025-12-06T23:51:17.416217,0.000,22.813,22.809
2025-12-06T23:51:18.540658,0.000,22.813,22.809
2025-12-06T23:51:19.326567,0.702,23.543,23.511
2025-12-06T23:51:20.485772,0.707,24.236,24.218
2025-12-06T23:51:21.508113,0.420,24.664,24.638
2025-12-06T23:51:22.533460,0.287,24.957,24.924
2025-12-06T23:51:23.460562,0.202,25.167,25.127
2025-12-06T23:51:24.586896,0.107,25.272,25.233
2025-12-06T23:51:25.599863,0.982,26.264,26.216
2025-12-06T23:51:26.742412,0.587,26.850,26.802
2025-12-06T23:51:27.549902,0.360,27.203,27.162
2025-12-06T23:51:28.574073,0.291,27.503,27.453
2025-12-06T23:51:29.597803,0.862,28.322,28.316
2025-12-06T23:51:30.725619,0.482,28.804,28.798
2025-12-06T23:51:31.757115,0.318,29.138,29.116
2025-12-06T23:51:32.779370,0.218,29.364,29.333
2025-12-06T23:51:33.630990,0.142,29.501,29.476
2025-12-06T23:51:34.829564,0.076,29.577,29.551
2025-12-06T23:51:35.758802,0.016,29.592,29.567
2025-12-06T23:51:36.870953,0.000,29.592,29.567
2025-12-06T23:51:37.793932,0.000,29.592,29.567
2025-12-06T23:51:38.815345,0.000,29.592,29.567
2025-12-06T23:51:39.842558,0.000,29.592,29.567
2025-12-06T23:51:40.870673,0.000,29.592,29.567
2025-12-06T23:51:41.907706,0.000,29.592,29.567
2025-12-06T23:51:43.113479,0.000,29.592,29.567
2025-12-06T23:51:43.937956,0.000,29.592,29.567
2025-12-06T23:51:45.059856,0.000,29.592,29.567
2025-12-06T23:51:46.501265,0.000,29.592,29.567
2025-12-06T23:51:47.211358,0.000,29.592,29.567
2025-12-06T23:51:48.042501,0.000,29.592,29.567
2025-12-06T23:51:49.159904,0.000,29.592,29.567
2025-12-06T23:51:50.084732,0.000,29.592,29.567
2025-12-06T23:51:51.101937,0.000,29.592,29.567
2025-12-06T23:51:52.136367,0.000,29.592,29.567
2025-12-06T23:51:53.069839,0.000,29.592,29.567
2025-12-06T23:51:54.187929,0.000,29.592,29.567
2025-12-06T23:51:55.218687,0.000,29.592,29.567
2025-12-06T23:51:56.116242,0.000,29.592,29.567
2025-12-06T23:51:57.044384,0.096,29.686,29.662
2025-12-06T23:51:58.192913,0.620,30.294,30.282
2025-12-06T23:51:59.216911,0.384,30.678,30.667
2025-12-06T23:52:00.337752,0.260,30.948,30.927
2025-12-06T23:52:01.139113,0.176,31.117,31.102
2025-12-06T23:52:02.266562,0.102,31.223,31.204
2025-12-06T23:52:03.321981,0.053,31.279,31.258
2025-12-06T23:52:04.335157,0.504,31.764,31.762
2025-12-06T23:52:05.386235,0.431,32.190,32.193
2025-12-06T23:52:06.368346,0.236,32.431,32.429
2025-12-06T23:52:07.284617,0.264,32.698,32.693
2025-12-06T23:52:08.314706,0.138,32.840,32.831
2025-12-06T23:52:09.436036,0.144,32.988,32.976
2025-12-06T23:52:10.458397,0.129,33.116,33.104
2025-12-06T23:52:11.486312,0.038,33.153,33.142
2025-12-06T23:52:12.512383,0.000,33.153,33.142
2025-12-06T23:52:13.446386,0.000,33.153,33.142
2025-12-06T23:52:14.469880,0.000,33.153,33.142
2025-12-06T23:52:15.474778,0.000,33.153,33.142
2025-12-06T23:52:16.608045,0.000,33.153,33.142
2025-12-06T23:52:17.532256,0.000,33.153,33.142
2025-12-06T23:52:18.445777,0.000,33.153,33.142
2025-12-06T23:52:19.682561,0.000,33.153,33.142
2025-12-06T23:52:20.593120,0.000,33.153,33.142
2025-12-06T23:52:21.634692,0.000,33.153,33.142
2025-12-06T23:52:22.642464,0.000,33.153,33.142
2025-12-06T23:52:23.566933,0.000,33.153,33.142
2025-12-06T23:52:24.586099,0.000,33.153,33.142
2025-12-06T23:52:25.729603,0.000,33.153,33.142
2025-12-06T23:52:26.740971,0.000,33.153,33.142
2025-12-06T23:52:27.665524,0.000,33.153,33.142
2025-12-06T23:52:28.812267,0.000,33.153,33.142
2025-12-06T23:52:29.728001,0.000,33.153,33.142
2025-12-06T23:52:30.768058,0.000,33.153,33.142
2025-12-06T23:52:31.789550,0.000,33.153,33.142
2025-12-06T23:52:32.793738,0.000,33.153,33.142
2025-12-06T23:52:33.811365,0.000,33.153,33.142
2025-12-06T23:52:34.733097,0.000,33.153,33.142
2025-12-06T23:52:35.750385,0.000,33.153,33.142
2025-12-06T23:52:36.776675,0.842,33.987,33.984
2025-12-06T23:52:37.720763,0.662,34.616,34.647
2025-12-06T23:52:39.028986,0.662,35.252,35.309
2025-12-06T23:52:39.950597,0.489,35.750,35.798
2025-12-06T23:52:40.886575,0.636,36.405,36.433
2025-12-06T23:52:41.900385,0.396,36.812,36.829
2025-12-06T23:52:42.930852,0.273,37.077,37.102
2025-12-06T23:52:43.953907,0.178,37.246,37.280
2025-12-06T23:52:44.861597,0.624,37.852,37.904
2025-12-06T23:52:45.995978,0.540,38.408,38.444
2025-12-06T23:52:46.871694,0.347,38.748,38.791
2025-12-06T23:52:47.889205,0.244,38.997,39.036
2025-12-06T23:52:48.923123,0.373,39.363,39.409
2025-12-06T23:52:50.095125,0.409,39.793,39.818
2025-12-06T23:52:51.019028,0.284,40.074,40.102
2025-12-06T23:52:52.343102,0.542,40.616,40.644
2025-12-06T23:52:53.263605,0.436,41.039,41.080
2025-12-06T23:52:54.179863,0.298,41.328,41.378
2025-12-06T23:52:55.205459,0.207,41.541,41.584
2025-12-06T23:52:56.245800,0.131,41.665,41.716
2025-12-06T23:52:57.156480,0.062,41.730,41.778
2025-12-06T23:52:58.281174,0.004,41.730,41.782
2025-12-06T23:52:59.207606,0.000,41.730,41.782
2025-12-06T23:53:00.223588,0.000,41.730,41.782
2025-12-06T23:53:01.249899,0.000,41.730,41.782
2025-12-06T23:53:02.270854,0.000,41.730,41.782
2025-12-06T23:53:03.204386,0.000,41.730,41.782
2025-12-06T23:53:04.318341,0.000,41.730,41.782
2025-12-06T23:53:05.245615,0.000,41.730,41.782
2025-12-06T23:53:06.364571,0.000,41.730,41.782
2025-12-06T23:53:07.391788,0.000,41.730,41.782
2025-12-06T23:53:08.431599,0.000,41.730,41.782
2025-12-06T23:53:09.286549,0.000,41.730,41.782
2025-12-06T23:53:10.398459,0.000,41.730,41.782
2025-12-06T23:53:11.612098,0.000,41.730,41.782
2025-12-06T23:53:12.323890,0.000,41.730,41.782
2025-12-06T23:53:13.350742,0.000,41.730,41.782
2025-12-06T23:53:14.364984,0.000,41.730,41.782
2025-12-06T23:53:15.483045,0.000,41.730,41.782
2025-12-06T23:53:16.507232,0.000,41.730,41.782
2025-12-06T23:53:17.566904,0.000,41.730,41.782
2025-12-06T23:53:18.580435,0.000,41.730,41.782
2025-12-06T23:53:19.579016,0.000,41.730,41.782
2025-12-06T23:53:20.705468,0.000,41.730,41.782
2025-12-06T23:53:21.726791,0.000,41.730,41.782
2025-12-06T23:53:22.646903,0.000,41.730,41.782
2025-12-06T23:53:23.773824,0.000,41.730,41.782
2025-12-06T23:53:24.695183,0.000,41.730,41.782
2025-12-06T23:53:25.829847,0.000,41.730,41.782
2025-12-06T23:53:26.853097,0.000,41.730,41.782
2025-12-06T23:53:27.874689,0.000,41.730,41.782
2025-12-06T23:53:28.697159,0.000,41.730,41.782
2025-12-06T23:53:29.641802,0.000,41.730,41.782
2025-12-06T23:53:30.663021,0.000,41.730,41.782
2025-12-06T23:53:31.869939,0.000,41.730,41.782
2025-12-06T23:53:32.892025,0.000,41.730,41.782
2025-12-06T23:53:34.016876,0.000,41.730,41.782
2025-12-06T23:53:34.833683,0.000,41.730,41.782
2025-12-06T23:53:35.962245,0.000,41.730,41.782
2025-12-06T23:53:36.888130,0.000,41.730,41.782
2025-12-06T23:53:38.013428,0.000,41.730,41.782
2025-12-06T23:53:38.929103,0.000,41.730,41.782
2025-12-06T23:53:40.061512,0.000,41.730,41.782
2025-12-06T23:53:41.078597,0.000,41.730,41.782
2025-12-06T23:53:42.111733,0.000,41.730,41.782
2025-12-06T23:53:43.133924,0.000,41.730,41.782
2025-12-06T23:53:44.261069,0.000,41.730,41.782
2025-12-06T23:53:45.079317,0.000,41.730,41.782
2025-12-06T23:53:46.100441,0.000,41.730,41.782
2025-12-06T23:53:47.031760,0.000,41.730,41.782
2025-12-06T23:53:48.253291,0.000,41.730,41.782
2025-12-06T23:53:49.174027,0.000,41.730,41.782
2025-12-06T23:53:50.195320,0.000,41.730,41.782
2025-12-06T23:53:51.217498,0.000,41.730,41.782
2025-12-06T23:53:52.149069,0.000,41.730,41.782
2025-12-06T23:53:53.172958,0.000,41.730,41.782
2025-12-06T23:53:54.205678,0.000,41.730,41.782
2025-12-06T23:53:55.230815,0.000,41.730,41.782
2025-12-06T23:53:56.437716,0.000,41.730,41.782
2025-12-06T23:53:57.267575,0.000,41.730,41.782
2025-12-06T23:53:58.400369,0.000,41.730,41.782
2025-12-06T23:53:59.721447,0.000,41.730,41.782
2025-12-06T23:54:00.150502,0.000,41.730,41.782
2025-12-06T23:54:01.469072,0.000,41.730,41.782
2025-12-06T23:54:02.387925,0.000,41.730,41.782
2025-12-06T23:54:03.610474,0.000,41.730,41.782
2025-12-06T23:54:04.532631,0.000,41.730,41.782
2025-12-06T23:54:05.456065,0.000,41.730,41.782
2025-12-06T23:54:06.478432,0.000,41.730,41.782
2025-12-06T23:54:07.501187,0.000,41.730,41.782
2025-12-06T23:54:08.524041,0.000,41.730,41.782
2025-12-06T23:54:09.549056,0.000,41.730,41.782
2025-12-06T23:54:10.569812,0.000,41.730,41.782
2025-12-06T23:54:11.496830,0.000,41.730,41.782
2025-12-06T23:54:12.623577,0.000,41.730,41.782
2025-12-06T23:54:13.641236,0.000,41.730,41.782
2025-12-06T23:54:14.674252,0.000,41.730,41.782
2025-12-06T23:54:15.595874,0.000,41.730,41.782
2025-12-06T23:54:16.716854,0.000,41.730,41.782
2025-12-06T23:54:17.849494,0.000,41.730,41.782
2025-12-06T23:54:18.666427,0.000,41.730,41.782
2025-12-06T23:54:19.685696,0.000,41.730,41.782
2025-12-06T23:54:20.714375,0.000,41.730,41.782
2025-12-06T23:54:21.544184,0.000,41.730,41.782
2025-12-06T23:54:22.859987,0.000,41.730,41.782
2025-12-06T23:54:23.911794,0.000,41.730,41.782
2025-12-06T23:54:24.705428,0.000,41.730,41.782
2025-12-06T23:54:25.835316,0.000,41.730,41.782
2025-12-06T23:54:26.860068,0.000,41.730,41.782
2025-12-06T23:54:27.773453,0.000,41.730,41.782
2025-12-06T23:54:28.699079,0.000,41.730,41.782
2025-12-06T23:54:29.688183,0.000,41.730,41.782
2025-12-06T23:54:30.852496,0.000,41.730,41.782
2025-12-06T23:54:32.000139,0.000,41.730,41.782
2025-12-06T23:54:32.909262,0.000,41.730,41.782
2025-12-06T23:54:33.927066,0.000,41.730,41.782
2025-12-06T23:54:34.848057,0.000,41.730,41.782
2025-12-06T23:54:35.892686,0.000,41.730,41.782
2025-12-06T23:54:37.001737,0.000,41.730,41.782
2025-12-06T23:54:37.935442,0.000,41.730,41.782
2025-12-06T23:54:38.950407,0.000,41.730,41.782
2025-12-06T23:54:40.167952,0.000,41.730,41.782
2025-12-06T23:54:41.089179,0.000,41.730,41.782
2025-12-06T23:54:42.038361,0.000,41.730,41.782
2025-12-06T23:54:43.033612,0.000,41.730,41.782
2025-12-06T23:54:44.582922,0.000,41.730,41.782
2025-12-06T23:54:45.201757,0.000,41.730,41.782
2025-12-06T23:54:46.208295,0.000,41.730,41.782
2025-12-06T23:54:47.134107,0.000,41.730,41.782
2025-12-06T23:54:48.268413,0.000,41.730,41.782
2025-12-06T23:54:49.524230,0.000,41.730,41.782
2025-12-06T23:54:50.101562,0.000,41.730,41.782
2025-12-06T23:54:51.239733,0.000,41.730,41.782
2025-12-06T23:54:52.250931,0.000,41.730,41.782
2025-12-06T23:54:53.370824,0.000,41.730,41.782
2025-12-06T23:54:54.409466,0.000,41.730,41.782
2025-12-06T23:54:55.420034,0.000,41.730,41.782
2025-12-06T23:54:56.239341,0.000,41.730,41.782
2025-12-06T23:54:57.475363,0.000,41.730,41.782
2025-12-06T23:54:58.394439,0.000,41.730,41.782
2025-12-06T23:54:59.424277,0.000,41.730,41.782
2025-12-06T23:55:00.451097,0.000,41.730,41.782
2025-12-06T23:55:01.370613,0.000,41.730,41.782
2025-12-06T23:55:02.510576,0.000,41.730,41.782
2025-12-06T23:55:03.415647,0.000,41.730,41.782
2025-12-06T23:55:04.432324,0.000,41.730,41.782
2025-12-06T23:55:05.664516,0.000,41.730,41.782
2025-12-06T23:55:06.488847,0.000,41.730,41.782
2025-12-06T23:55:07.506077,0.000,41.730,41.782
2025-12-06T23:55:08.640968,0.000,41.730,41.782
2025-12-06T23:55:09.565890,0.000,41.730,41.782
2025-12-06T23:55:10.588060,0.000,41.730,41.782
2025-12-06T23:55:11.605124,0.000,41.730,41.782
2025-12-06T23:55:12.632507,0.000,41.730,41.782
2025-12-06T23:55:13.553580,0.000,41.730,41.782
2025-12-06T23:55:14.892027,0.000,41.730,41.782
2025-12-06T23:55:15.739896,0.000,41.730,41.782
2025-12-06T23:55:16.470546,0.000,41.730,41.782
2025-12-06T23:55:17.768007,0.000,41.730,41.782
2025-12-06T23:55:18.756272,0.000,41.730,41.782
2025-12-06T23:55:19.930545,0.000,41.730,41.782
2025-12-06T23:55:20.730959,0.000,41.730,41.782
2025-12-06T23:55:21.859175,0.000,41.730,41.782
2025-12-06T23:55:22.973803,0.000,41.730,41.782
2025-12-06T23:55:23.895064,0.000,41.730,41.782
2025-12-06T23:55:24.667927,0.000,41.730,41.782
2025-12-06T23:55:25.953979,0.000,41.730,41.782
2025-12-06T23:55:26.870508,0.000,41.730,41.782
2025-12-06T23:55:27.990628,0.000,41.730,41.782
2025-12-06T23:55:28.909860,0.000,41.730,41.782
2025-12-06T23:55:29.939203,0.000,41.730,41.782
2025-12-06T23:55:30.974299,0.000,41.730,41.782
2025-12-06T23:55:32.004978,0.000,41.730,41.782
2025-12-06T23:55:33.008855,0.000,41.730,41.782
2025-12-06T23:55:33.932442,0.000,41.730,41.782
2025-12-06T23:55:35.061476,0.000,41.730,41.782
2025-12-06T23:55:36.076599,0.000,41.730,41.782
2025-12-06T23:55:37.099324,0.000,41.730,41.782
2025-12-06T23:55:38.058367,0.000,41.730,41.782
2025-12-06T23:55:39.090531,0.000,41.730,41.782
2025-12-06T23:55:39.997517,0.000,41.730,41.782
2025-12-06T23:55:41.141793,0.000,41.730,41.782
2025-12-06T23:55:42.149553,0.000,41.730,41.782
2025-12-06T23:55:43.244387,0.000,41.730,41.782
2025-12-06T23:55:44.190860,0.000,41.730,41.782
2025-12-06T23:55:45.304241,0.000,41.730,41.782
2025-12-06T23:55:46.239910,0.000,41.730,41.782
2025-12-06T23:55:47.244896,0.000,41.730,41.782
2025-12-06T23:55:48.260085,0.000,41.730,41.782
2025-12-06T23:55:49.286546,0.000,41.730,41.782
2025-12-06T23:55:50.317255,0.000,41.730,41.782
2025-12-06T23:55:51.351342,0.000,41.730,41.782
2025-12-06T23:55:52.375133,0.000,41.730,41.782
2025-12-06T23:55:53.286321,0.000,41.730,41.782
2025-12-06T23:55:54.331992,0.000,41.730,41.782
2025-12-06T23:55:55.475350,0.000,41.730,41.782
2025-12-06T23:55:56.387175,0.000,41.730,41.782
2025-12-06T23:55:57.390470,0.000,41.730,41.782
2025-12-06T23:55:58.399387,0.000,41.730,41.782
2025-12-06T23:55:59.562603,0.000,41.730,41.782
2025-12-06T23:56:00.454570,0.000,41.730,41.782
2025-12-06T23:56:01.584845,0.000,41.730,41.782
2025-12-06T23:56:02.505775,0.000,41.730,41.782
2025-12-06T23:56:03.518465,0.000,41.730,41.782
2025-12-06T23:56:04.655729,0.000,41.730,41.782
2025-12-06T23:56:05.570587,0.000,41.730,41.782
2025-12-06T23:56:06.704046,0.000,41.730,41.782
2025-12-06T23:56:07.519500,0.000,41.730,41.782
2025-12-06T23:56:08.642597,0.000,41.730,41.782
2025-12-06T23:56:09.466281,0.000,41.730,41.782
2025-12-06T23:56:10.794054,0.000,41.730,41.782
2025-12-06T23:56:11.732866,0.000,41.730,41.782
2025-12-06T23:56:12.659719,0.000,41.730,41.782
2025-12-06T23:56:13.674162,0.000,41.730,41.782
2025-12-06T23:56:14.787531,0.000,41.730,41.782
2025-12-06T23:56:15.715600,0.000,41.730,41.782
2025-12-06T23:56:16.841942,0.000,41.730,41.782
2025-12-06T23:56:17.755789,0.000,41.730,41.782
2025-12-06T23:56:18.796650,0.000,41.730,41.782
2025-12-06T23:56:19.809451,0.000,41.730,41.782
2025-12-06T23:56:20.826511,0.000,41.730,41.782
2025-12-06T23:56:21.949308,0.000,41.730,41.782
2025-12-06T23:56:22.877776,0.000,41.730,41.782
2025-12-06T23:56:23.793536,0.000,41.730,41.782
2025-12-06T23:56:24.818680,0.000,41.730,41.782
2025-12-06T23:56:25.870125,0.000,41.730,41.782
2025-12-06T23:56:26.973759,0.000,41.730,41.782
2025-12-06T23:56:27.997560,0.000,41.730,41.782
2025-12-06T23:56:28.926799,0.000,41.730,41.782
2025-12-06T23:56:29.938723,0.000,41.730,41.782
2025-12-06T23:56:30.962933,0.000,41.730,41.782
2025-12-06T23:56:31.991008,0.000,41.730,41.782
2025-12-06T23:56:33.009019,0.000,41.730,41.782
2025-12-06T23:56:34.142942,0.000,41.730,41.782
2025-12-06T23:56:35.189247,0.000,41.730,41.782
2025-12-06T23:56:36.188295,0.000,41.730,41.782
2025-12-06T23:56:37.108494,0.000,41.730,41.782
2025-12-06T23:56:38.156332,0.000,41.730,41.782
2025-12-06T23:56:39.162071,0.000,41.730,41.782
2025-12-06T23:56:40.284374,0.000,41.730,41.782
2025-12-06T23:56:41.104080,0.000,41.730,41.782
2025-12-06T23:56:42.231898,0.000,41.730,41.782
2025-12-06T23:56:43.254683,0.000,41.730,41.782
2025-12-06T23:56:44.286403,0.000,41.730,41.782
2025-12-06T23:56:45.200268,0.000,41.730,41.782
2025-12-06T23:56:46.218591,0.000,41.730,41.782
2025-12-06T23:56:47.081564,0.000,41.730,41.782
2025-12-06T23:56:48.475251,0.000,41.730,41.782
2025-12-06T23:56:49.294218,0.000,41.730,41.782
2025-12-06T23:56:50.314912,0.000,41.730,41.782
2025-12-06T23:56:51.338071,0.000,41.730,41.782
2025-12-06T23:56:52.484336,0.000,41.730,41.782
2025-12-06T23:56:53.491115,0.000,41.730,41.782
2025-12-06T23:56:54.260757,0.000,41.730,41.782
2025-12-06T23:56:55.540351,0.000,41.730,41.782
2025-12-06T23:56:56.564397,0.000,41.730,41.782
2025-12-06T23:56:57.588305,0.000,41.730,41.782
2025-12-06T23:56:58.627607,0.000,41.730,41.782
2025-12-06T23:56:59.441323,0.000,41.730,41.782
2025-12-06T23:57:00.559237,0.000,41.730,41.782
2025-12-06T23:57:01.594592,0.000,41.730,41.782
2025-12-06T23:57:02.503723,0.000,41.730,41.782
2025-12-06T23:57:03.544264,0.000,41.730,41.782
2025-12-06T23:57:04.558181,0.000,41.730,41.782
2025-12-06T23:57:05.687151,0.000,41.730,41.782
2025-12-06T23:57:06.707488,0.000,41.730,41.782
2025-12-06T23:57:07.627831,0.000,41.730,41.782
2025-12-06T23:57:08.645063,0.000,41.730,41.782
2025-12-06T23:57:09.776669,0.000,41.730,41.782
2025-12-06T23:57:10.708009,0.000,41.730,41.782
2025-12-06T23:57:11.726760,0.000,41.730,41.782
2025-12-06T23:57:12.862448,0.000,41.730,41.782
2025-12-06T23:57:13.879086,0.000,41.730,41.782
2025-12-06T23:57:14.791776,0.000,41.730,41.782
2025-12-06T23:57:15.822590,0.000,41.730,41.782
2025-12-06T23:57:16.841482,0.000,41.730,41.782
2025-12-06T23:57:17.975489,0.000,41.730,41.782
2025-12-06T23:57:19.095795,0.000,41.730,41.782
2025-12-06T23:57:19.806080,0.000,41.730,41.782
2025-12-06T23:57:20.938704,0.000,41.730,41.782
2025-12-06T23:57:21.857582,0.000,41.730,41.782
2025-12-06T23:57:23.083102,0.000,41.730,41.782
2025-12-06T23:57:23.905599,0.000,41.730,41.782
2025-12-06T23:57:24.935641,0.002,41.730,41.784
2025-12-06T23:57:25.867332,0.756,42.448,42.540
2025-12-06T23:57:26.874409,0.531,43.005,43.071
2025-12-06T23:57:28.001514,0.413,43.435,43.484
2025-12-06T23:57:28.921853,0.260,43.700,43.744
2025-12-06T23:57:29.949460,0.147,43.844,43.891
2025-12-06T23:57:30.989203,0.058,43.899,43.949
2025-12-06T23:57:32.098839,0.002,43.899,43.951
2025-12-06T23:57:32.971753,0.000,43.899,43.951
2025-12-06T23:57:34.248479,0.000,43.899,43.951
2025-12-06T23:57:35.063159,0.000,43.899,43.951
2025-12-06T23:57:36.090722,0.000,43.899,43.951
2025-12-06T23:57:37.321054,0.000,43.899,43.951
2025-12-06T23:57:38.251074,0.000,43.899,43.951
2025-12-06T23:57:39.266227,0.000,43.899,43.951
2025-12-06T23:57:40.411433,0.000,43.899,43.951
2025-12-06T23:57:41.309566,0.000,43.899,43.951
2025-12-06T23:57:42.242392,0.000,43.899,43.951
2025-12-06T23:57:43.363692,0.000,43.899,43.951
2025-12-06T23:57:44.299494,0.000,43.899,43.951
2025-12-06T23:57:45.345885,0.000,43.899,43.951
2025-12-06T23:57:46.330977,0.000,43.899,43.951
2025-12-06T23:57:47.357339,0.000,43.899,43.951
2025-12-06T23:57:48.378450,0.000,43.899,43.951
2025-12-06T23:57:49.444299,0.000,43.899,43.951
2025-12-06T23:57:50.540058,0.000,43.899,43.951
2025-12-06T23:57:51.450992,0.000,43.899,43.951
2025-12-06T23:57:52.575446,0.000,43.899,43.951
2025-12-06T23:57:53.513665,0.000,43.899,43.951
2025-12-06T23:57:54.723539,0.000,43.899,43.951
2025-12-06T23:57:55.349168,0.000,43.899,43.951
2025-12-06T23:57:56.568516,0.000,43.899,43.951
2025-12-06T23:57:57.598797,0.000,43.899,43.951
2025-12-06T23:57:58.518053,0.000,43.899,43.951
2025-12-06T23:57:59.541434,0.000,43.899,43.951
2025-12-06T23:58:00.665094,0.000,43.899,43.951
2025-12-06T23:58:01.686450,0.000,43.899,43.951
2025-12-06T23:58:02.715262,0.000,43.899,43.951
2025-12-06T23:58:03.640691,0.000,43.899,43.951
2025-12-06T23:58:04.782866,0.000,43.899,43.951
2025-12-06T23:58:05.579549,0.000,43.899,43.951
2025-12-06T23:58:06.601804,0.000,43.899,43.951
2025-12-06T23:58:07.830516,0.000,43.899,43.951
2025-12-06T23:58:08.758010,0.000,43.899,43.951
2025-12-06T23:58:09.880348,0.000,43.899,43.951
2025-12-06T23:58:10.810408,0.000,43.899,43.951
2025-12-06T23:58:11.828016,0.000,43.899,43.951
2025-12-06T23:58:12.959280,0.000,43.899,43.951
2025-12-06T23:58:13.878687,0.000,43.899,43.951
2025-12-06T23:58:14.796737,0.000,43.899,43.951
2025-12-06T23:58:15.923609,0.000,43.899,43.951
2025-12-06T23:58:17.048290,0.000,43.899,43.951
2025-12-06T23:58:17.987730,0.000,43.899,43.951
2025-12-06T23:58:18.999332,0.000,43.899,43.951
2025-12-06T23:58:20.040343,0.000,43.899,43.951
2025-12-06T23:58:21.046682,0.000,43.899,43.951
2025-12-06T23:58:21.966722,0.000,43.899,43.951
2025-12-06T23:58:22.998478,0.000,43.899,43.951
2025-12-06T23:58:24.215388,0.000,43.899,43.951
2025-12-06T23:58:25.043793,0.000,43.899,43.951
2025-12-06T23:58:26.168097,0.000,43.899,43.951
2025-12-06T23:58:27.189835,0.000,43.899,43.951
2025-12-06T23:58:28.004494,0.000,43.899,43.951
2025-12-06T23:58:29.041614,0.000,43.899,43.951
2025-12-06T23:58:30.259818,0.000,43.899,43.951
2025-12-06T23:58:31.287841,0.000,43.899,43.951
2025-12-06T23:58:32.213619,0.000,43.899,43.951
2025-12-06T23:58:33.227323,0.000,43.899,43.951
2025-12-06T23:58:34.147596,0.000,43.899,43.951
2025-12-06T23:58:35.276845,0.000,43.899,43.951
2025-12-06T23:58:36.197820,0.000,43.899,43.951
2025-12-06T23:58:37.223654,0.000,43.899,43.951
2025-12-06T23:58:38.244809,0.000,43.899,43.951
2025-12-06T23:58:39.382404,0.000,43.899,43.951
2025-12-06T23:58:40.194047,0.000,43.899,43.951
2025-12-06T23:58:41.420126,0.000,43.899,43.951
2025-12-06T23:58:42.448184,0.000,43.899,43.951
2025-12-06T23:58:43.365508,0.000,43.899,43.951
2025-12-06T23:58:44.290518,0.000,43.899,43.951
2025-12-06T23:58:45.420585,0.000,43.899,43.951
2025-12-06T23:58:46.441174,0.000,43.899,43.951
2025-12-06T23:58:47.463738,0.000,43.899,43.951
2025-12-06T23:58:48.587847,0.000,43.899,43.951
2025-12-06T23:58:49.509221,0.000,43.899,43.951
2025-12-06T23:58:50.540779,0.000,43.899,43.951
2025-12-06T23:58:51.359719,0.000,43.899,43.951
2025-12-06T23:58:52.990326,0.000,43.899,43.951
2025-12-06T23:58:53.708268,0.000,43.899,43.951
2025-12-06T23:58:54.734926,0.000,43.899,43.951
2025-12-06T23:58:55.654493,0.000,43.899,43.951
2025-12-06T23:58:56.579018,0.000,43.899,43.951
2025-12-06T23:58:57.514143,0.000,43.899,43.951
2025-12-06T23:58:58.754600,0.000,43.899,43.951
2025-12-06T23:58:59.646945,0.000,43.899,43.951
2025-12-06T23:59:00.681484,0.000,43.899,43.951
2025-12-06T23:59:01.600971,0.000,43.899,43.951
2025-12-06T23:59:02.721600,0.000,43.899,43.951
2025-12-06T23:59:03.765819,0.000,43.899,43.951
2025-12-06T23:59:04.877700,0.000,43.899,43.951
2025-12-06T23:59:05.997023,0.000,43.899,43.951
2025-12-06T23:59:06.729698,0.000,43.899,43.951
2025-12-06T23:59:07.671272,0.000,43.899,43.951
2025-12-06T23:59:08.895566,0.000,43.899,43.951
2025-12-06T23:59:09.792251,0.000,43.899,43.951
2025-12-06T23:59:11.054137,0.000,43.899,43.951
2025-12-06T23:59:11.848488,0.000,43.899,43.951
2025-12-06T23:59:12.880534,0.000,43.899,43.951
2025-12-06T23:59:14.093488,0.000,43.899,43.951
2025-12-06T23:59:15.042460,0.000,43.899,43.951
2025-12-06T23:59:16.029438,0.000,43.899,43.951
2025-12-06T23:59:17.070592,0.000,43.899,43.951
2025-12-06T23:59:17.974638,0.000,43.899,43.951
2025-12-06T23:59:18.921721,0.000,43.899,43.951
2025-12-06T23:59:19.922592,0.000,43.899,43.951
2025-12-06T23:59:21.151722,0.000,43.899,43.951
2025-12-06T23:59:22.080800,0.000,43.899,43.951
2025-12-06T23:59:23.099503,0.000,43.899,43.951
2025-12-06T23:59:24.137111,0.000,43.899,43.951
2025-12-06T23:59:25.172615,0.000,43.899,43.951
2025-12-06T23:59:26.078779,0.000,43.899,43.951
2025-12-06T23:59:27.209174,0.000,43.899,43.951
2025-12-06T23:59:28.121897,0.000,43.899,43.951
2025-12-06T23:59:29.557111,0.000,43.899,43.951
2025-12-06T23:59:30.267571,0.000,43.899,43.951
2025-12-06T23:59:31.290185,0.000,43.899,43.951
2025-12-06T23:59:32.313742,0.000,43.899,43.951
2025-12-06T23:59:33.236335,0.000,43.899,43.951
2025-12-06T23:59:34.259849,0.000,43.899,43.951
2025-12-06T23:59:35.183737,0.000,43.899,43.951
2025-12-06T23:59:36.421712,0.000,43.899,43.951
2025-12-06T23:59:37.538438,0.000,43.899,43.951
2025-12-06T23:59:38.498249,0.000,43.899,43.951
2025-12-06T23:59:39.282390,0.000,43.899,43.951
2025-12-06T23:59:40.310085,0.000,43.899,43.951
2025-12-06T23:59:41.430191,0.000,43.899,43.951
2025-12-06T23:59:42.891707,0.000,43.899,43.951
2025-12-06T23:59:43.481392,0.000,43.899,43.951
2025-12-06T23:59:44.630252,0.000,43.899,43.951
2025-12-06T23:59:45.630609,0.000,43.899,43.951
2025-12-06T23:59:46.459842,0.000,43.899,43.951
2025-12-06T23:59:47.475976,0.000,43.899,43.951
2025-12-06T23:59:48.524463,0.000,43.899,43.951
2025-12-06T23:59:49.527225,0.000,43.899,43.951
2025-12-06T23:59:50.658243,0.000,43.899,43.951
2025-12-06T23:59:51.572957,0.000,43.899,43.951
2025-12-06T23:59:52.589383,0.000,43.899,43.951
2025-12-06T23:59:53.611821,0.000,43.899,43.951
2025-12-06T23:59:54.759178,0.000,43.899,43.951
2025-12-06T23:59:55.668576,0.000,43.899,43.951
2025-12-06T23:59:56.689795,0.000,43.899,43.951
2025-12-06T23:59:57.722451,0.000,43.899,43.951
2025-12-06T23:59:58.545514,0.000,43.899,43.951
2025-12-06T23:59:59.858071,0.000,43.899,43.951
2025-12-07T00:00:00.794494,0.000,43.899,43.951
2025-12-07T00:00:01.702213,0.000,43.899,43.951
2025-12-07T00:00:02.736450,0.000,43.899,43.951
2025-12-07T00:00:03.751776,0.000,43.899,43.951
2025-12-07T00:00:04.671383,0.000,43.899,43.951
2025-12-07T00:00:05.809669,0.000,43.899,43.951
2025-12-07T00:00:06.824573,0.000,43.899,43.951
2025-12-07T00:00:07.849483,0.000,43.899,43.951
2025-12-07T00:00:08.978882,0.000,43.899,43.951
2025-12-07T00:00:09.998025,0.000,43.899,43.951
2025-12-07T00:00:11.023224,0.000,43.899,43.951
2025-12-07T00:00:11.943354,0.000,43.899,43.951
2025-12-07T00:00:12.972810,0.000,43.899,43.951
2025-12-07T00:00:13.999766,0.000,43.899,43.951
2025-12-07T00:00:14.921299,0.000,43.899,43.951
2025-12-07T00:00:16.047538,0.000,43.899,43.951
2025-12-07T00:00:17.068612,0.000,43.899,43.951
2025-12-07T00:00:18.096541,0.000,43.899,43.951
2025-12-07T00:00:19.118333,0.000,43.899,43.951
2025-12-07T00:00:20.043051,0.000,43.899,43.951
2025-12-07T00:00:21.174262,0.000,43.899,43.951
2025-12-07T00:00:22.090570,0.000,43.899,43.951
2025-12-07T00:00:23.106181,0.000,43.899,43.951
2025-12-07T00:00:24.239057,0.000,43.899,43.951
2025-12-07T00:00:25.177677,0.000,43.899,43.951
2025-12-07T00:00:26.194082,0.000,43.899,43.951
2025-12-07T00:00:27.214209,0.000,43.899,43.951
2025-12-07T00:00:28.331996,0.000,43.899,43.951
2025-12-07T00:00:29.253898,0.000,43.899,43.951
2025-12-07T00:00:30.380451,0.000,43.899,43.951
2025-12-07T00:00:31.307766,0.000,43.899,43.951
2025-12-07T00:00:32.433542,0.000,43.899,43.951
2025-12-07T00:00:33.455469,0.000,43.899,43.951
2025-12-07T00:00:34.370841,0.000,43.899,43.951
2025-12-07T00:00:35.309621,0.000,43.899,43.951
2025-12-07T00:00:36.322278,0.000,43.899,43.951
2025-12-07T00:00:37.447067,0.000,43.899,43.951
2025-12-07T00:00:38.374401,0.000,43.899,43.951
2025-12-07T00:00:39.492609,0.000,43.899,43.951
2025-12-07T00:00:40.535535,0.000,43.899,43.951
2025-12-07T00:00:41.543977,0.000,43.899,43.951
2025-12-07T00:00:42.452284,0.000,43.899,43.951
2025-12-07T00:00:43.497936,0.000,43.899,43.951
2025-12-07T00:00:44.513372,0.000,43.899,43.951
2025-12-07T00:00:45.538830,0.000,43.899,43.951
2025-12-07T00:00:46.663726,0.000,43.899,43.951
2025-12-07T00:00:47.606993,0.000,43.899,43.951
2025-12-07T00:00:48.603364,0.000,43.899,43.951
2025-12-07T00:00:49.645456,0.000,43.899,43.951
2025-12-07T00:00:50.757263,0.000,43.899,43.951
2025-12-07T00:00:51.688422,0.000,43.899,43.951
2025-12-07T00:00:52.699346,0.000,43.899,43.951
2025-12-07T00:00:53.640891,0.000,43.899,43.951
2025-12-07T00:00:54.748763,0.000,43.899,43.951
2025-12-07T00:00:55.898337,0.000,43.899,43.951
2025-12-07T00:00:56.719092,0.000,43.899,43.951
2025-12-07T00:00:57.728273,0.000,43.899,43.951
2025-12-07T00:00:58.756359,0.000,43.899,43.951
2025-12-07T00:00:59.771560,0.000,43.899,43.951
2025-12-07T00:01:00.791402,0.000,43.899,43.951
2025-12-07T00:01:01.713396,0.000,43.899,43.951
2025-12-07T00:01:02.861658,0.000,43.899,43.951
2025-12-07T00:01:03.659682,0.000,43.899,43.951
2025-12-07T00:01:04.806495,0.000,43.899,43.951
2025-12-07T00:01:05.926942,0.000,43.899,43.951
2025-12-07T00:01:07.039808,0.000,43.899,43.951
2025-12-07T00:01:08.056966,0.000,43.899,43.951
2025-12-07T00:01:08.888009,0.000,43.899,43.951
2025-12-07T00:01:10.026333,0.000,43.899,43.951
2025-12-07T00:01:10.953541,0.000,43.899,43.951
2025-12-07T00:01:12.073590,0.000,43.899,43.951
2025-12-07T00:01:13.090119,0.000,43.899,43.951
2025-12-07T00:01:14.206649,0.000,43.899,43.951
2025-12-07T00:01:14.924823,0.000,43.899,43.951
2025-12-07T00:01:15.960992,0.000,43.899,43.951
2025-12-07T00:01:17.090337,0.000,43.899,43.951
2025-12-07T00:01:17.954062,0.000,43.899,43.951
2025-12-07T00:01:19.128288,0.000,43.899,43.951
2025-12-07T00:01:20.148177,0.000,43.899,43.951
2025-12-07T00:01:21.198422,0.000,43.899,43.951
2025-12-07T00:01:22.198312,0.000,43.899,43.951
2025-12-07T00:01:23.220272,0.000,43.899,43.951
2025-12-07T00:01:24.596238,0.000,43.899,43.951
2025-12-07T00:01:25.268361,0.000,43.899,43.951
2025-12-07T00:01:26.401302,0.000,43.899,43.951
2025-12-07T00:01:27.225188,0.000,43.899,43.951
2025-12-07T00:01:28.334859,0.000,43.899,43.951
2025-12-07T00:01:29.365011,0.000,43.899,43.951
2025-12-07T00:01:30.588786,0.000,43.899,43.951
2025-12-07T00:01:31.304531,0.000,43.899,43.951
2025-12-07T00:01:32.338222,0.000,43.899,43.951
2025-12-07T00:01:33.367786,0.000,43.899,43.951
2025-12-07T00:01:34.378955,0.000,43.899,43.951
2025-12-07T00:01:35.414728,0.000,43.899,43.951
2025-12-07T00:01:36.529125,0.000,43.899,43.951
2025-12-07T00:01:37.552284,0.000,43.899,43.951
2025-12-07T00:01:38.575184,0.000,43.899,43.951
2025-12-07T00:01:39.608440,0.000,43.899,43.951
2025-12-07T00:01:40.517854,0.000,43.899,43.951
2025-12-07T00:01:41.542385,0.000,43.899,43.951
2025-12-07T00:01:42.676952,0.000,43.899,43.951
2025-12-07T00:01:43.703033,0.000,43.899,43.951
2025-12-07T00:01:44.530888,0.000,43.899,43.951
2025-12-07T00:01:45.544867,0.000,43.899,43.951
2025-12-07T00:01:46.696433,0.000,43.899,43.951
2025-12-07T00:01:47.796971,0.000,43.899,43.951
2025-12-07T00:01:48.717208,0.000,43.899,43.951
2025-12-07T00:01:49.745889,0.000,43.899,43.951
2025-12-07T00:01:50.786060,0.000,43.899,43.951
2025-12-07T00:01:51.784446,0.000,43.899,43.951
2025-12-07T00:01:52.715361,0.000,43.899,43.951
2025-12-07T00:01:53.848291,0.000,43.899,43.951
2025-12-07T00:01:54.758227,0.000,43.899,43.951
2025-12-07T00:01:55.884727,0.000,43.899,43.951
2025-12-07T00:01:56.905423,0.000,43.899,43.951
2025-12-07T00:01:57.676529,0.000,43.899,43.951
2025-12-07T00:01:58.950526,0.000,43.899,43.951
2025-12-07T00:01:59.984182,0.000,43.899,43.951
2025-12-07T00:02:01.012044,0.000,43.899,43.951
2025-12-07T00:02:01.932338,0.000,43.899,43.951
2025-12-07T00:02:02.874884,0.000,43.899,43.951
2025-12-07T00:02:04.008802,0.000,43.899,43.951
2025-12-07T00:02:04.998336,0.000,43.899,43.951
2025-12-07T00:02:05.912247,0.000,43.899,43.951
2025-12-07T00:02:07.049532,0.000,43.899,43.951
2025-12-07T00:02:07.972909,0.000,43.899,43.951
2025-12-07T00:02:09.041688,0.000,43.899,43.951
2025-12-07T00:02:10.010256,0.000,43.899,43.951
2025-12-07T00:02:11.140872,0.000,43.899,43.951
2025-12-07T00:02:12.060311,0.000,43.899,43.951
2025-12-07T00:02:13.286105,0.000,43.899,43.951
2025-12-07T00:02:14.125879,0.000,43.899,43.951
2025-12-07T00:02:15.028038,0.000,43.899,43.951
2025-12-07T00:02:16.052195,0.000,43.899,43.951
2025-12-07T00:02:17.105145,0.000,43.899,43.951
2025-12-07T00:02:18.210826,0.000,43.899,43.951
2025-12-07T00:02:19.237460,0.000,43.899,43.951
2025-12-07T00:02:20.360101,0.000,43.899,43.951
2025-12-07T00:02:21.307339,0.000,43.899,43.951
2025-12-07T00:02:22.209404,0.000,43.899,43.951
2025-12-07T00:02:23.329894,0.000,43.899,43.951
2025-12-07T00:02:24.559607,0.000,43.899,43.951
2025-12-07T00:02:25.379787,0.000,43.899,43.951
2025-12-07T00:02:26.293792,0.000,43.899,43.951
2025-12-07T00:02:27.317248,0.000,43.899,43.951
2025-12-07T00:02:28.342880,0.000,43.899,43.951
2025-12-07T00:02:29.472374,0.000,43.899,43.951
2025-12-07T00:02:30.287753,0.000,43.899,43.951
2025-12-07T00:02:31.420544,0.000,43.899,43.951
2025-12-07T00:02:32.548867,0.000,43.899,43.951
2025-12-07T00:02:33.572909,0.000,43.899,43.951
2025-12-07T00:02:34.506692,0.000,43.899,43.951
2025-12-07T00:02:35.621168,0.000,43.899,43.951
2025-12-07T00:02:36.635979,0.000,43.899,43.951
2025-12-07T00:02:37.560283,0.000,43.899,43.951
2025-12-07T00:02:38.579672,0.000,43.899,43.951
2025-12-07T00:02:39.611609,0.000,43.899,43.951
2025-12-07T00:02:40.638122,0.000,43.899,43.951
2025-12-07T00:02:41.669457,0.000,43.899,43.951
2025-12-07T00:02:42.680539,0.000,43.899,43.951
2025-12-07T00:02:43.915649,0.000,43.899,43.951
2025-12-07T00:02:44.643965,0.000,43.899,43.951
2025-12-07T00:02:45.648934,0.000,43.899,43.951
2025-12-07T00:02:46.688445,0.000,43.899,43.951
2025-12-07T00:02:47.710988,0.000,43.899,43.951
2025-12-07T00:02:48.739718,0.000,43.899,43.951
2025-12-07T00:02:49.761634,0.000,43.899,43.951
2025-12-07T00:02:50.890912,0.000,43.899,43.951
2025-12-07T00:02:51.703058,0.000,43.899,43.951
2025-12-07T00:02:52.829651,0.000,43.899,43.951
2025-12-07T00:02:53.839903,0.000,43.899,43.951
2025-12-07T00:02:54.869129,0.000,43.899,43.951
2025-12-07T00:02:55.797198,0.000,43.899,43.951
2025-12-07T00:02:56.837842,0.000,43.899,43.951
2025-12-07T00:02:57.930853,0.000,43.899,43.951
2025-12-07T00:02:59.061052,0.000,43.899,43.951
2025-12-07T00:02:59.996510,0.000,43.899,43.951
2025-12-07T00:03:00.908328,0.000,43.899,43.951
2025-12-07T00:03:02.063837,0.000,43.899,43.951
2025-12-07T00:03:03.097142,0.000,43.899,43.951
2025-12-07T00:03:04.212448,0.000,43.899,43.951
2025-12-07T00:03:04.817037,0.000,43.899,43.951
2025-12-07T00:03:06.037563,0.000,43.899,43.951
2025-12-07T00:03:07.148633,0.000,43.899,43.951
2025-12-07T00:03:08.073492,0.000,43.899,43.951
2025-12-07T00:03:09.095517,0.000,43.899,43.951
2025-12-07T00:03:10.229934,0.000,43.899,43.951
2025-12-07T00:03:11.150669,0.000,43.899,43.951
2025-12-07T00:03:12.279750,0.000,43.899,43.951
2025-12-07T00:03:13.298882,0.000,43.899,43.951
2025-12-07T00:03:14.218081,0.000,43.899,43.951
2025-12-07T00:03:15.245092,0.000,43.899,43.951
2025-12-07T00:03:16.383383,0.000,43.899,43.951
2025-12-07T00:03:17.296153,0.000,43.899,43.951
2025-12-07T00:03:18.722705,0.000,43.899,43.951
2025-12-07T00:03:19.358286,0.000,43.899,43.951
2025-12-07T00:03:20.261267,0.000,43.899,43.951
2025-12-07T00:03:21.286765,0.000,43.899,43.951
2025-12-07T00:03:22.411157,0.000,43.899,43.951
2025-12-07T00:03:23.536227,0.000,43.899,43.951
2025-12-07T00:03:24.361429,0.000,43.899,43.951
2025-12-07T00:03:25.378771,0.000,43.899,43.951
2025-12-07T00:03:26.418303,0.000,43.899,43.951
2025-12-07T00:03:27.643801,0.000,43.899,43.951
2025-12-07T00:03:28.560108,0.000,43.899,43.951
2025-12-07T00:03:29.682127,0.000,43.899,43.951
2025-12-07T00:03:30.510476,0.000,43.899,43.951
2025-12-07T00:03:31.540056,0.000,43.899,43.951
2025-12-07T00:03:32.550570,0.000,43.899,43.951
2025-12-07T00:03:33.889992,0.000,43.899,43.951
2025-12-07T00:03:34.510648,0.000,43.899,43.951
2025-12-07T00:03:35.529637,0.000,43.899,43.951
2025-12-07T00:03:36.556363,0.000,43.899,43.951
2025-12-07T00:03:37.680332,0.000,43.899,43.951
2025-12-07T00:03:38.604974,0.000,43.899,43.951
2025-12-07T00:03:39.733932,0.000,43.899,43.951
2025-12-07T00:03:40.666635,0.000,43.899,43.951
2025-12-07T00:03:41.668055,0.000,43.899,43.951
2025-12-07T00:03:42.722177,0.000,43.899,43.951
2025-12-07T00:03:43.926395,0.000,43.899,43.951
2025-12-07T00:03:44.735759,0.000,43.899,43.951
2025-12-07T00:03:45.789217,0.000,43.899,43.951
2025-12-07T00:03:46.905694,0.000,43.899,43.951
2025-12-07T00:03:47.716288,0.000,43.899,43.951
2025-12-07T00:03:48.843225,0.000,43.899,43.951
2025-12-07T00:03:50.082536,0.000,43.899,43.951
2025-12-07T00:03:50.888765,0.000,43.899,43.951
2025-12-07T00:03:52.218858,0.000,43.899,43.951
2025-12-07T00:03:52.927139,0.000,43.899,43.951
2025-12-07T00:03:53.846821,0.000,43.899,43.951
2025-12-07T00:03:54.885286,0.000,43.899,43.951
2025-12-07T00:03:56.000554,0.000,43.899,43.951
2025-12-07T00:03:56.958045,0.000,43.899,43.951
2025-12-07T00:03:58.046195,0.000,43.899,43.951
2025-12-07T00:03:59.068133,0.000,43.899,43.951
2025-12-07T00:03:59.991196,0.000,43.899,43.951
2025-12-07T00:04:01.121300,0.000,43.899,43.951
2025-12-07T00:04:02.041552,0.000,43.899,43.951
2025-12-07T00:04:03.180785,0.000,43.899,43.951
2025-12-07T00:04:04.198631,0.000,43.899,43.951
2025-12-07T00:04:05.008334,0.000,43.899,43.951
2025-12-07T00:04:06.042348,0.000,43.899,43.951
2025-12-07T00:04:07.175737,0.000,43.899,43.951
2025-12-07T00:04:08.079633,0.000,43.899,43.951
2025-12-07T00:04:09.106096,0.000,43.899,43.951
2025-12-07T00:04:10.148001,0.000,43.899,43.951
2025-12-07T00:04:11.377409,0.000,43.899,43.951
2025-12-07T00:04:12.297825,0.000,43.899,43.951
2025-12-07T00:04:13.219569,0.000,43.899,43.951
2025-12-07T00:04:14.230012,0.000,43.899,43.951
2025-12-07T00:04:15.357321,0.000,43.899,43.951
2025-12-07T00:04:16.516428,0.000,43.899,43.951
2025-12-07T00:04:17.169759,0.000,43.899,43.951
2025-12-07T00:04:18.320841,0.000,43.899,43.951
2025-12-07T00:04:19.340645,0.000,43.899,43.951
2025-12-07T00:04:20.374610,0.000,43.899,43.951
2025-12-07T00:04:21.404698,0.000,43.899,43.951
2025-12-07T00:04:22.444706,0.000,43.899,43.951
2025-12-07T00:04:23.470682,0.000,43.899,43.951
2025-12-07T00:04:24.505350,0.000,43.899,43.951
2025-12-07T00:04:25.633991,0.000,43.899,43.951
2025-12-07T00:04:26.531468,0.000,43.899,43.951
2025-12-07T00:04:27.442287,0.000,43.899,43.951
2025-12-07T00:04:28.604896,0.000,43.899,43.951
2025-12-07T00:04:29.600400,0.000,43.899,43.951
2025-12-07T00:04:30.638212,0.000,43.899,43.951
2025-12-07T00:04:31.549010,0.000,43.899,43.951
2025-12-07T00:04:32.551280,0.000,43.899,43.951
2025-12-07T00:04:33.693216,0.000,43.899,43.951
2025-12-07T00:04:34.617698,0.000,43.899,43.951
2025-12-07T00:04:35.489723,0.000,43.899,43.951
2025-12-07T00:04:36.666901,0.082,43.984,44.033
2025-12-07T00:04:37.799928,1.029,44.962,45.062
2025-12-07T00:04:38.802107,0.558,45.509,45.620
2025-12-07T00:04:39.720589,0.373,45.901,45.993
2025-12-07T00:04:40.752462,1.193,47.106,47.187
2025-12-07T00:04:41.768996,0.949,48.017,48.136
2025-12-07T00:04:42.808251,0.951,48.996,49.087
2025-12-07T00:04:43.819463,0.491,49.502,49.578
2025-12-07T00:04:44.671896,0.193,49.697,49.771
2025-12-07T00:04:45.708467,0.747,50.481,50.518
2025-12-07T00:04:46.908824,0.509,50.985,51.027
2025-12-07T00:04:47.957238,0.431,51.399,51.458
2025-12-07T00:04:48.953915,0.427,51.817,51.884
2025-12-07T00:04:49.858149,0.284,52.090,52.169
2025-12-07T00:04:50.890388,0.191,52.287,52.360
2025-12-07T00:04:52.017321,0.102,52.394,52.462
2025-12-07T00:04:53.048152,0.480,52.888,52.942
2025-12-07T00:04:54.075149,0.422,53.319,53.364
2025-12-07T00:04:55.088697,0.273,53.592,53.638
2025-12-07T00:04:56.005536,0.180,53.781,53.818
2025-12-07T00:04:57.134736,0.107,53.884,53.924
2025-12-07T00:04:58.259982,0.040,53.924,53.964
2025-12-07T00:04:59.176301,0.002,53.924,53.967
2025-12-07T00:05:00.206106,0.000,53.924,53.967
2025-12-07T00:05:01.124650,0.000,53.924,53.967
2025-12-07T00:05:02.249873,0.000,53.924,53.967
2025-12-07T00:05:03.573734,0.000,53.924,53.967
2025-12-07T00:05:04.191559,0.000,53.924,53.967
2025-12-07T00:05:05.119136,0.000,53.924,53.967
2025-12-07T00:05:06.156748,0.000,53.924,53.967
2025-12-07T00:05:07.168213,0.000,53.924,53.967
2025-12-07T00:05:08.059455,0.000,53.924,53.967
2025-12-07T00:05:09.322685,0.000,53.924,53.967
2025-12-07T00:05:10.339686,0.000,53.924,53.967
2025-12-07T00:05:11.358194,0.000,53.924,53.967
2025-12-07T00:05:12.289968,0.000,53.924,53.967
2025-12-07T00:05:13.616329,0.440,54.351,54.407
2025-12-07T00:05:14.437938,0.949,55.271,55.356
2025-12-07T00:05:15.456288,1.107,56.345,56.462
2025-12-07T00:05:16.277514,1.122,57.411,57.584
2025-12-07T00:05:17.323291,0.760,58.178,58.344
2025-12-07T00:05:18.431896,0.422,58.588,58.767
2025-12-07T00:05:19.448162,0.273,58.850,59.040
2025-12-07T00:05:20.684646,0.184,59.042,59.224
2025-12-07T00:05:21.605348,0.107,59.143,59.331
2025-12-07T00:05:22.633428,0.033,59.175,59.364
2025-12-07T00:05:23.471367,0.000,59.175,59.364
2025-12-07T00:05:24.673362,0.000,59.175,59.364
2025-12-07T00:05:25.600746,0.000,59.175,59.364
2025-12-07T00:05:27.038385,0.000,59.175,59.364
2025-12-07T00:05:27.340746,0.000,59.175,59.364
2025-12-07T00:05:28.565164,0.000,59.175,59.364
2025-12-07T00:05:29.486587,0.000,59.175,59.364
2025-12-07T00:05:30.517320,0.000,59.175,59.364
2025-12-07T00:05:31.534645,0.000,59.175,59.364
2025-12-07T00:05:32.669441,0.000,59.175,59.364
2025-12-07T00:05:33.686772,0.000,59.175,59.364
2025-12-07T00:05:34.604431,0.000,59.175,59.364
2025-12-07T00:05:35.548428,0.000,59.175,59.364
2025-12-07T00:05:36.566803,0.000,59.175,59.364
2025-12-07T00:05:37.800018,0.000,59.175,59.364
2025-12-07T00:05:38.618748,0.000,59.175,59.364
2025-12-07T00:05:39.742464,0.000,59.175,59.364
2025-12-07T00:05:40.750971,0.000,59.175,59.364
2025-12-07T00:05:41.991439,0.000,59.175,59.364
2025-12-07T00:05:42.805087,0.000,59.175,59.364
2025-12-07T00:05:43.920214,0.000,59.175,59.364
2025-12-07T00:05:44.848536,0.000,59.175,59.364
2025-12-07T00:05:45.869940,0.000,59.175,59.364
2025-12-07T00:05:46.893108,0.000,59.175,59.364
2025-12-07T00:05:48.124947,0.000,59.175,59.364
2025-12-07T00:05:49.051059,0.000,59.175,59.364
2025-12-07T00:05:50.169838,0.000,59.175,59.364
2025-12-07T00:05:51.094458,0.000,59.175,59.364
2025-12-07T00:05:52.018275,0.000,59.175,59.364
2025-12-07T00:05:53.144301,0.000,59.175,59.364
2025-12-07T00:05:54.165473,0.000,59.175,59.364
2025-12-07T00:05:54.983355,0.000,59.175,59.364
2025-12-07T00:05:56.010250,0.000,59.175,59.364
2025-12-07T00:05:57.034360,0.000,59.175,59.364
2025-12-07T00:05:58.055526,0.000,59.175,59.364
2025-12-07T00:05:59.093704,0.000,59.175,59.364
2025-12-07T00:06:00.108124,0.000,59.175,59.364
2025-12-07T00:06:01.128718,0.000,59.175,59.364
2025-12-07T00:06:02.053524,0.000,59.175,59.364
2025-12-07T00:06:03.201637,0.000,59.175,59.364
2025-12-07T00:06:04.099842,0.000,59.175,59.364
2025-12-07T00:06:05.217267,0.000,59.175,59.364
2025-12-07T00:06:06.138611,0.000,59.175,59.364
2025-12-07T00:06:07.283332,0.000,59.175,59.364
2025-12-07T00:06:08.302980,0.000,59.175,59.364
2025-12-07T00:06:09.339401,0.000,59.175,59.364
2025-12-07T00:06:10.447460,0.000,59.175,59.364
2025-12-07T00:06:11.368634,0.000,59.175,59.364
2025-12-07T00:06:12.397771,0.000,59.175,59.364
2025-12-07T00:06:13.423158,0.000,59.175,59.364
2025-12-07T00:06:14.434002,0.000,59.175,59.364
2025-12-07T00:06:15.368098,0.000,59.175,59.364
2025-12-07T00:06:16.490415,0.000,59.175,59.364
2025-12-07T00:06:17.413804,0.000,59.175,59.364
2025-12-07T00:06:18.561916,0.000,59.175,59.364
2025-12-07T00:06:19.505909,0.000,59.175,59.364
2025-12-07T00:06:20.584326,0.000,59.175,59.364
2025-12-07T00:06:21.608175,0.000,59.175,59.364
2025-12-07T00:06:22.625854,0.000,59.175,59.364
2025-12-07T00:06:23.553575,0.000,59.175,59.364
2025-12-07T00:06:24.584721,0.000,59.175,59.364
2025-12-07T00:06:25.600963,0.000,59.175,59.364
2025-12-07T00:06:26.624765,0.000,59.175,59.364
2025-12-07T00:06:27.545537,0.000,59.175,59.364
2025-12-07T00:06:28.575648,0.000,59.175,59.364
2025-12-07T00:06:29.539532,0.000,59.175,59.364
2025-12-07T00:06:30.728774,0.000,59.175,59.364
2025-12-07T00:06:31.643557,0.000,59.175,59.364
2025-12-07T00:06:32.871296,0.000,59.175,59.364
2025-12-07T00:06:33.593435,0.000,59.175,59.364
2025-12-07T00:06:34.575838,0.000,59.175,59.364
2025-12-07T00:06:35.752405,0.000,59.175,59.364
2025-12-07T00:06:36.621568,0.000,59.175,59.364
2025-12-07T00:06:37.788433,0.296,59.474,59.660
2025-12-07T00:06:38.711876,0.896,60.396,60.556
2025-12-07T00:06:39.939882,0.471,60.844,61.027
2025-12-07T00:06:40.751797,0.769,61.597,61.796
2025-12-07T00:06:41.893445,0.918,62.497,62.713
2025-12-07T00:06:42.906784,0.540,63.032,63.253
2025-12-07T00:06:43.837386,0.311,63.346,63.564
2025-12-07T00:06:44.765557,0.198,63.553,63.762
2025-12-07T00:06:45.780364,0.118,63.672,63.880
2025-12-07T00:06:47.104063,0.051,63.724,63.931
2025-12-07T00:06:47.927727,0.002,63.724,63.933
2025-12-07T00:06:48.955861,0.000,63.724,63.933
2025-12-07T00:06:49.973994,0.000,63.724,63.933
2025-12-07T00:06:51.003591,0.000,63.724,63.933
2025-12-07T00:06:52.039530,0.000,63.724,63.933
2025-12-07T00:06:53.052350,0.000,63.724,63.933
2025-12-07T00:06:54.171424,0.000,63.724,63.933
2025-12-07T00:06:55.003634,0.000,63.724,63.933
2025-12-07T00:06:56.238274,0.000,63.724,63.933
2025-12-07T00:06:57.044032,0.000,63.724,63.933
2025-12-07T00:06:58.168019,0.000,63.724,63.933
2025-12-07T00:06:59.188289,0.000,63.724,63.933
2025-12-07T00:07:00.320331,0.000,63.724,63.933
2025-12-07T00:07:01.345991,0.000,63.724,63.933
2025-12-07T00:07:02.260872,0.000,63.724,63.933
2025-12-07T00:07:03.289627,0.000,63.724,63.933
2025-12-07T00:07:04.441442,0.000,63.724,63.933
2025-12-07T00:07:05.333255,0.000,63.724,63.933
2025-12-07T00:07:06.352028,0.000,63.724,63.933
2025-12-07T00:07:07.402057,0.000,63.724,63.933
2025-12-07T00:07:08.410947,0.000,63.724,63.933
2025-12-07T00:07:09.440180,0.000,63.724,63.933
2025-12-07T00:07:10.453328,0.000,63.724,63.933
2025-12-07T00:07:11.484634,0.000,63.724,63.933
2025-12-07T00:07:12.502170,0.000,63.724,63.933
2025-12-07T00:07:13.527071,0.000,63.724,63.933
2025-12-07T00:07:14.343677,0.000,63.724,63.933
2025-12-07T00:07:15.475726,0.000,63.724,63.933
2025-12-07T00:07:16.602034,0.000,63.724,63.933
2025-12-07T00:07:17.518900,0.000,63.724,63.933
2025-12-07T00:07:18.439810,0.000,63.724,63.933
2025-12-07T00:07:19.571456,0.000,63.724,63.933
2025-12-07T00:07:20.596730,0.000,63.724,63.933
2025-12-07T00:07:21.723573,0.000,63.724,63.933
2025-12-07T00:07:22.641012,0.000,63.724,63.933
2025-12-07T00:07:23.673119,0.000,63.724,63.933
2025-12-07T00:07:24.791880,0.000,63.724,63.933
2025-12-07T00:07:25.709360,0.000,63.724,63.933
2025-12-07T00:07:26.740983,0.000,63.724,63.933
2025-12-07T00:07:27.863781,0.000,63.724,63.933
2025-12-07T00:07:28.787411,0.000,63.724,63.933
2025-12-07T00:07:29.701829,0.000,63.724,63.933
2025-12-07T00:07:30.836286,0.000,63.724,63.933
2025-12-07T00:07:31.606125,0.000,63.724,63.933
2025-12-07T00:07:32.985127,0.000,63.724,63.933
2025-12-07T00:07:33.904682,0.000,63.724,63.933
2025-12-07T00:07:34.929767,0.000,63.724,63.933
2025-12-07T00:07:35.837699,0.000,63.724,63.933
2025-12-07T00:07:36.873415,0.000,63.724,63.933
2025-12-07T00:07:37.920082,0.000,63.724,63.933
2025-12-07T00:07:38.920061,0.000,63.724,63.933
2025-12-07T00:07:39.841389,0.000,63.724,63.933
2025-12-07T00:07:40.865925,0.000,63.724,63.933
2025-12-07T00:07:42.001634,0.000,63.724,63.933
2025-12-07T00:07:43.020273,0.000,63.724,63.933
2025-12-07T00:07:43.938148,0.000,63.724,63.933
2025-12-07T00:07:45.061419,0.000,63.724,63.933
2025-12-07T00:07:45.989795,0.000,63.724,63.933
2025-12-07T00:07:47.113042,0.000,63.724,63.933
2025-12-07T00:07:47.890935,0.000,63.724,63.933
2025-12-07T00:07:49.058442,0.000,63.724,63.933
2025-12-07T00:07:50.090330,0.000,63.724,63.933
2025-12-07T00:07:51.311482,0.000,63.724,63.933
2025-12-07T00:07:51.931809,0.000,63.724,63.933
2025-12-07T00:07:53.258519,0.000,63.724,63.933
2025-12-07T00:07:54.281568,0.000,63.724,63.933
2025-12-07T00:07:55.301906,0.000,63.724,63.933
2025-12-07T00:07:56.429926,0.000,63.724,63.933
2025-12-07T00:07:57.255252,0.000,63.724,63.933
2025-12-07T00:07:58.282336,0.000,63.724,63.933
2025-12-07T00:07:59.204782,0.000,63.724,63.933
2025-12-07T00:08:00.444312,0.000,63.724,63.933
2025-12-07T00:08:01.344690,0.000,63.724,63.933
2025-12-07T00:08:02.269850,0.000,63.724,63.933
2025-12-07T00:08:03.286100,0.000,63.724,63.933
2025-12-07T00:08:04.413563,0.000,63.724,63.933
2025-12-07T00:08:05.238347,0.000,63.724,63.933
2025-12-07T00:08:06.470353,0.000,63.724,63.933
2025-12-07T00:08:07.501099,0.000,63.724,63.933
2025-12-07T00:08:08.522388,0.000,63.724,63.933
2025-12-07T00:08:09.435068,0.000,63.724,63.933
2025-12-07T00:08:10.464956,0.000,63.724,63.933
2025-12-07T00:08:11.708415,0.000,63.724,63.933
2025-12-07T00:08:12.609939,0.000,63.724,63.933
2025-12-07T00:08:13.539238,0.000,63.724,63.933
2025-12-07T00:08:14.453159,0.000,63.724,63.933
2025-12-07T00:08:15.478049,0.000,63.724,63.933
2025-12-07T00:08:16.704388,0.000,63.724,63.933
2025-12-07T00:08:17.635206,0.000,63.724,63.933
2025-12-07T00:08:18.647859,0.000,63.724,63.933
2025-12-07T00:08:19.588759,0.000,63.724,63.933
2025-12-07T00:08:20.699412,0.000,63.724,63.933
2025-12-07T00:08:21.622714,0.000,63.724,63.933
2025-12-07T00:08:22.766214,0.000,63.724,63.933
2025-12-07T00:08:23.676813,0.000,63.724,63.933
2025-12-07T00:08:24.795955,0.000,63.724,63.933
2025-12-07T00:08:25.819132,0.000,63.724,63.933
2025-12-07T00:08:26.846415,0.000,63.724,63.933
2025-12-07T00:08:27.774994,0.000,63.724,63.933
2025-12-07T00:08:28.788185,0.000,63.724,63.933
2025-12-07T00:08:29.914559,0.000,63.724,63.933
2025-12-07T00:08:30.838477,0.000,63.724,63.933
2025-12-07T00:08:31.863449,0.000,63.724,63.933
2025-12-07T00:08:32.711808,0.000,63.724,63.933
2025-12-07T00:08:34.010336,0.000,63.724,63.933
2025-12-07T00:08:34.831951,0.000,63.724,63.933
2025-12-07T00:08:35.858199,0.000,63.724,63.933
2025-12-07T00:08:36.986256,0.000,63.724,63.933
2025-12-07T00:08:38.020445,0.000,63.724,63.933
2025-12-07T00:08:39.028373,0.000,63.724,63.933
2025-12-07T00:08:39.973263,0.000,63.724,63.933
2025-12-07T00:08:40.971689,0.000,63.724,63.933
2025-12-07T00:08:42.092476,0.000,63.724,63.933
2025-12-07T00:08:43.228284,0.000,63.724,63.933
2025-12-07T00:08:43.937754,0.000,63.724,63.933
2025-12-07T00:08:45.170163,0.000,63.724,63.933
2025-12-07T00:08:46.297439,0.000,63.724,63.933
2025-12-07T00:08:47.220475,0.000,63.724,63.933
2025-12-07T00:08:48.250994,0.000,63.724,63.933
2025-12-07T00:08:49.063957,0.000,63.724,63.933
2025-12-07T00:08:50.181178,0.000,63.724,63.933
2025-12-07T00:08:51.321173,0.000,63.724,63.933
2025-12-07T00:08:52.158169,0.000,63.724,63.933
2025-12-07T00:08:53.167886,0.000,63.724,63.933
2025-12-07T00:08:54.493164,0.000,63.724,63.933
2025-12-07T00:08:55.521162,0.000,63.724,63.933
2025-12-07T00:08:56.348353,0.000,63.724,63.933
2025-12-07T00:08:57.156597,0.000,63.724,63.933
2025-12-07T00:08:58.181119,0.000,63.724,63.933
2025-12-07T00:08:59.178916,0.000,63.724,63.933
2025-12-07T00:09:00.224582,0.000,63.724,63.933
2025-12-07T00:09:01.257405,0.000,63.724,63.933
2025-12-07T00:09:02.273911,0.000,63.724,63.933
2025-12-07T00:09:03.418325,0.000,63.724,63.933
2025-12-07T00:09:04.321567,0.000,63.724,63.933
2025-12-07T00:09:05.257909,0.000,63.724,63.933
2025-12-07T00:09:06.371199,0.000,63.724,63.933
2025-12-07T00:09:07.291493,0.000,63.724,63.933
2025-12-07T00:09:08.422157,0.000,63.724,63.933
2025-12-07T00:09:09.443895,0.000,63.724,63.933
2025-12-07T00:09:10.570840,0.000,63.724,63.933
2025-12-07T00:09:11.593433,0.000,63.724,63.933
2025-12-07T00:09:12.616050,0.000,63.724,63.933
2025-12-07T00:09:13.540419,0.000,63.724,63.933
2025-12-07T00:09:14.672768,0.000,63.724,63.933
2025-12-07T00:09:15.709363,0.000,63.724,63.933
2025-12-07T00:09:16.616343,0.000,63.724,63.933
2025-12-07T00:09:17.633538,0.000,63.724,63.933
2025-12-07T00:09:18.759245,0.000,63.724,63.933
2025-12-07T00:09:19.774635,0.000,63.724,63.933
2025-12-07T00:09:20.715545,0.000,63.724,63.933
2025-12-07T00:09:21.740145,0.000,63.724,63.933
2025-12-07T00:09:22.757850,0.000,63.724,63.933
2025-12-07T00:09:23.680267,0.000,63.724,63.933
2025-12-07T00:09:24.637753,0.000,63.724,63.933
2025-12-07T00:09:26.030958,0.000,63.724,63.933
2025-12-07T00:09:26.747840,0.000,63.724,63.933
2025-12-07T00:09:27.771063,0.000,63.724,63.933
2025-12-07T00:09:29.009960,0.000,63.724,63.933
2025-12-07T00:09:29.929876,0.000,63.724,63.933
2025-12-07T00:09:30.945807,0.000,63.724,63.933
2025-12-07T00:09:31.777401,0.000,63.724,63.933
2025-12-07T00:09:32.798714,0.000,63.724,63.933
2025-12-07T00:09:33.916683,0.000,63.724,63.933
2025-12-07T00:09:35.042515,0.000,63.724,63.933
2025-12-07T00:09:35.864806,0.000,63.724,63.933
2025-12-07T00:09:36.883175,0.000,63.724,63.933
2025-12-07T00:09:37.908974,0.000,63.724,63.933
2025-12-07T00:09:38.931814,0.000,63.724,63.933
2025-12-07T00:09:39.870590,0.000,63.724,63.933
2025-12-07T00:09:40.892738,0.000,63.724,63.933
2025-12-07T00:09:42.009398,0.000,63.724,63.933
2025-12-07T00:09:43.028693,0.000,63.724,63.933
2025-12-07T00:09:44.057430,0.000,63.724,63.933
2025-12-07T00:09:45.076292,0.000,63.724,63.933
2025-12-07T00:09:46.107197,0.000,63.724,63.933
2025-12-07T00:09:47.128178,0.000,63.724,63.933
2025-12-07T00:09:48.148769,0.000,63.724,63.933
2025-12-07T00:09:49.071882,0.000,63.724,63.933
2025-12-07T00:09:50.051126,0.000,63.724,63.933
2025-12-07T00:09:51.124560,0.000,63.724,63.933
2025-12-07T00:09:52.143695,0.000,63.724,63.933
2025-12-07T00:09:53.375557,0.000,63.724,63.933
2025-12-07T00:09:54.320591,0.000,63.724,63.933
2025-12-07T00:09:55.179781,0.000,63.724,63.933
2025-12-07T00:09:56.346919,0.000,63.724,63.933
2025-12-07T00:09:57.265095,0.000,63.724,63.933
2025-12-07T00:09:58.190517,0.000,63.724,63.933
2025-12-07T00:09:59.314086,0.000,63.724,63.933
2025-12-07T00:10:00.334611,0.000,63.724,63.933
2025-12-07T00:10:01.258755,0.000,63.724,63.933
2025-12-07T00:10:02.499689,0.000,63.724,63.933
2025-12-07T00:10:03.424269,0.000,63.724,63.933
2025-12-07T00:10:04.452144,0.000,63.724,63.933
2025-12-07T00:10:05.462553,0.000,63.724,63.933
2025-12-07T00:10:06.480667,0.000,63.724,63.933
2025-12-07T00:10:07.518527,0.000,63.724,63.933
2025-12-07T00:10:08.525808,0.000,63.724,63.933
2025-12-07T00:10:09.559358,0.000,63.724,63.933
2025-12-07T00:10:10.491611,0.000,63.724,63.933
2025-12-07T00:10:11.450086,0.000,63.724,63.933
2025-12-07T00:10:12.529579,0.000,63.724,63.933
2025-12-07T00:10:13.545876,0.000,63.724,63.933
2025-12-07T00:10:14.530296,0.000,63.724,63.933
2025-12-07T00:10:15.696594,0.000,63.724,63.933
2025-12-07T00:10:16.518511,0.000,63.724,63.933
2025-12-07T00:10:17.554820,0.000,63.724,63.933
2025-12-07T00:10:18.669671,0.000,63.724,63.933
2025-12-07T00:10:19.588356,0.000,63.724,63.933
2025-12-07T00:10:20.618446,0.000,63.724,63.933
2025-12-07T00:10:21.652735,0.000,63.724,63.933
2025-12-07T00:10:22.758368,0.000,63.724,63.933
2025-12-07T00:10:23.790187,0.000,63.724,63.933
2025-12-07T00:10:24.810687,0.000,63.724,63.933
2025-12-07T00:10:25.730063,0.000,63.724,63.933
2025-12-07T00:10:26.757518,0.000,63.724,63.933
2025-12-07T00:10:27.793757,0.000,63.724,63.933
2025-12-07T00:10:28.809363,0.000,63.724,63.933
2025-12-07T00:10:29.935845,0.000,63.724,63.933
2025-12-07T00:10:30.956029,0.000,63.724,63.933
2025-12-07T00:10:31.826814,0.000,63.724,63.933
2025-12-07T00:10:32.838594,0.000,63.724,63.933
2025-12-07T00:10:33.925768,0.000,63.724,63.933
2025-12-07T00:10:34.944144,0.000,63.724,63.933
2025-12-07T00:10:35.979942,0.000,63.724,63.933
2025-12-07T00:10:36.999051,0.000,63.724,63.933
2025-12-07T00:10:38.031101,0.000,63.724,63.933
2025-12-07T00:10:38.941698,0.000,63.724,63.933
2025-12-07T00:10:39.962714,0.000,63.724,63.933
2025-12-07T00:10:41.089710,0.000,63.724,63.933
2025-12-07T00:10:42.011115,0.000,63.724,63.933
2025-12-07T00:10:42.998392,0.000,63.724,63.933
2025-12-07T00:10:44.269084,0.000,63.724,63.933
2025-12-07T00:10:45.188386,0.000,63.724,63.933
2025-12-07T00:10:46.210747,0.000,63.724,63.933
2025-12-07T00:10:47.342455,0.000,63.724,63.933
2025-12-07T00:10:48.257302,0.000,63.724,63.933
2025-12-07T00:10:49.282165,0.000,63.724,63.933
2025-12-07T00:10:50.307138,0.000,63.724,63.933
2025-12-07T00:10:51.145216,0.000,63.724,63.933
2025-12-07T00:10:52.358250,0.000,63.724,63.933
2025-12-07T00:10:53.195653,0.000,63.724,63.933
2025-12-07T00:10:54.225496,0.000,63.724,63.933
2025-12-07T00:10:55.222785,0.000,63.724,63.933
2025-12-07T00:10:56.262589,0.000,63.724,63.933
2025-12-07T00:10:57.372449,0.000,63.724,63.933
2025-12-07T00:10:58.397752,0.000,63.724,63.933
2025-12-07T00:10:59.418326,0.000,63.724,63.933
2025-12-07T00:11:00.301841,0.000,63.724,63.933
2025-12-07T00:11:01.365710,0.000,63.724,63.933
2025-12-07T00:11:02.499229,0.000,63.724,63.933
2025-12-07T00:11:03.415352,0.000,63.724,63.933
2025-12-07T00:11:04.437361,0.000,63.724,63.933
2025-12-07T00:11:05.477251,0.000,63.724,63.933
2025-12-07T00:11:06.489666,0.000,63.724,63.933
2025-12-07T00:11:07.504048,0.000,63.724,63.933
2025-12-07T00:11:08.536615,0.000,63.724,63.933
2025-12-07T00:11:09.773163,0.000,63.724,63.933
2025-12-07T00:11:10.494588,0.000,63.724,63.933
2025-12-07T00:11:11.509612,0.000,63.724,63.933
2025-12-07T00:11:12.545255,0.000,63.724,63.933
2025-12-07T00:11:13.552084,0.000,63.724,63.933
2025-12-07T00:11:14.679508,0.000,63.724,63.933
2025-12-07T00:11:15.601535,0.000,63.724,63.933
2025-12-07T00:11:16.623961,0.000,63.724,63.933
2025-12-07T00:11:17.649188,0.000,63.724,63.933
2025-12-07T00:11:18.669175,0.000,63.724,63.933
2025-12-07T00:11:19.708822,0.000,63.724,63.933
2025-12-07T00:11:20.677894,0.000,63.724,63.933
2025-12-07T00:11:21.752477,0.000,63.724,63.933
2025-12-07T00:11:22.770282,0.000,63.724,63.933
2025-12-07T00:11:23.790778,0.000,63.724,63.933
2025-12-07T00:11:24.939468,0.000,63.724,63.933
2025-12-07T00:11:25.845938,0.000,63.724,63.933
2025-12-07T00:11:26.876036,0.000,63.724,63.933
2025-12-07T00:11:27.803582,0.000,63.724,63.933
2025-12-07T00:11:29.128690,0.000,63.724,63.933
2025-12-07T00:11:30.037238,0.000,63.724,63.933
2025-12-07T00:11:30.970296,0.000,63.724,63.933
2025-12-07T00:11:32.094199,0.000,63.724,63.933
2025-12-07T00:11:33.014036,0.000,63.724,63.933
2025-12-07T00:11:34.038400,0.000,63.724,63.933
2025-12-07T00:11:35.259790,0.000,63.724,63.933
2025-12-07T00:11:36.014504,0.000,63.724,63.933
2025-12-07T00:11:37.204915,0.000,63.724,63.933
2025-12-07T00:11:38.131386,0.000,63.724,63.933
2025-12-07T00:11:39.052970,0.000,63.724,63.933
2025-12-07T00:11:40.071695,0.000,63.724,63.933
2025-12-07T00:11:41.203875,0.000,63.724,63.933
2025-12-07T00:11:42.227907,0.000,63.724,63.933
2025-12-07T00:11:43.144698,0.000,63.724,63.933
2025-12-07T00:11:44.274266,0.000,63.724,63.933
2025-12-07T00:11:45.108400,0.000,63.724,63.933
2025-12-07T00:11:46.132118,0.000,63.724,63.933
2025-12-07T00:11:47.155441,0.000,63.724,63.933
2025-12-07T00:11:48.277996,0.000,63.724,63.933
2025-12-07T00:11:49.301004,0.000,63.724,63.933
2025-12-07T00:11:50.314613,0.000,63.724,63.933
2025-12-07T00:11:51.236333,0.000,63.724,63.933
2025-12-07T00:11:52.360611,0.000,63.724,63.933
2025-12-07T00:11:53.386931,0.000,63.724,63.933
2025-12-07T00:11:54.420004,0.000,63.724,63.933
2025-12-07T00:11:55.435041,0.000,63.724,63.933
2025-12-07T00:11:56.563095,0.000,63.724,63.933
2025-12-07T00:11:57.380613,0.000,63.724,63.933
